
  
  
  
  
  
  
  
  
  
  
  
  
 
  
  <record xsi:schemaLocation="http://www.loc.gov/MARC21/slim http://www.loc.gov/standards/marcxml/schema/MARC21slim.xsd">
      <leader>00000cam a2200517 i 4500</leader>
      <controlfield tag="FMT">BK</controlfield>
      <controlfield tag="LDR">00000cam a2200517 i 4500</controlfield>
      <controlfield tag="001">005936439</controlfield>
      <controlfield tag="003">OCoLC</controlfield>
      <controlfield tag="005">20180114055701.0</controlfield>
      <controlfield tag="008">180112t20152015fr ab  g b    101 0 fre c</controlfield>
      <datafield tag="035" ind1=" " ind2=" ">
         <subfield code="a">(OCoLC)944379705</subfield>
      </datafield>
      <datafield tag="040" ind1=" " ind2=" ">
         <subfield code="a">AUXAM</subfield>
         <subfield code="b">eng</subfield>
         <subfield code="e">rda</subfield>
         <subfield code="c">AUXAM</subfield>
         <subfield code="d">TEF</subfield>
         <subfield code="d">JPG</subfield>
         <subfield code="d">OCLCF</subfield>
         <subfield code="d">MBB</subfield>
         <subfield code="d">OCLCO</subfield>
         <subfield code="d">UEJ</subfield>
         <subfield code="d">DHA</subfield>
         <subfield code="d">OCLCQ</subfield>
         <subfield code="d">ZYU</subfield>
      </datafield>
      <datafield tag="041" ind1="0" ind2=" ">
         <subfield code="a">fre</subfield>
         <subfield code="a">eng</subfield>
         <subfield code="a">ger</subfield>
         <subfield code="a">ita</subfield>
      </datafield>
      <datafield tag="042" ind1=" " ind2=" ">
         <subfield code="a">pcc</subfield>
      </datafield>
      <datafield tag="043" ind1=" " ind2=" ">
         <subfield code="a">a-le---</subfield>
         <subfield code="a">mm-----</subfield>
      </datafield>
      <datafield tag="050" ind1=" " ind2="4">
         <subfield code="a">DE73.2.P56</subfield>
         <subfield code="b">P54 2015</subfield>
      </datafield>
      <datafield tag="079" ind1=" " ind2=" ">
         <subfield code="a">(OCoLC)944379705</subfield>
      </datafield>
      <datafield tag="082" ind1="0" ind2=" ">
         <subfield code="a">939.44</subfield>
         <subfield code="2">23</subfield>
      </datafield>
      <datafield tag="245" ind1="0" ind2="3">
         <subfield code="a">La Phénicie hellénistique :</subfield>
         <subfield code="b">actes du colloque international de Toulouse (18-20 février 2013) /</subfield>
         <subfield code="c">édités par Julien Aliquot et Corinne Bonnet.</subfield>
      </datafield>
      <datafield tag="264" ind1=" " ind2="1">
         <subfield code="a">Lyon :</subfield>
         <subfield code="b">Maison de l'Orient et de la Méditerranée-Jean Pouilloux,</subfield>
         <subfield code="c">[2015]</subfield>
      </datafield>
      <datafield tag="264" ind1=" " ind2="4">
         <subfield code="c">©2015</subfield>
      </datafield>
      <datafield tag="300" ind1=" " ind2=" ">
         <subfield code="a">396 pages :</subfield>
         <subfield code="b">illustrations, maps ;</subfield>
         <subfield code="c">24 cm.</subfield>
      </datafield>
      <datafield tag="336" ind1=" " ind2=" ">
         <subfield code="a">text</subfield>
         <subfield code="b">txt</subfield>
         <subfield code="2">rdacontent</subfield>
      </datafield>
      <datafield tag="337" ind1=" " ind2=" ">
         <subfield code="a">unmediated</subfield>
         <subfield code="b">n</subfield>
         <subfield code="2">rdamedia</subfield>
      </datafield>
      <datafield tag="338" ind1=" " ind2=" ">
         <subfield code="a">volume</subfield>
         <subfield code="b">nc</subfield>
         <subfield code="2">rdacarrier</subfield>
      </datafield>
      <datafield tag="490" ind1="1" ind2=" ">
         <subfield code="a">Topoi, orient-occident. Supplément,</subfield>
         <subfield code="x">1764-0733 ;</subfield>
         <subfield code="v">13 (2015)</subfield>
      </datafield>
      <datafield tag="504" ind1=" " ind2=" ">
         <subfield code="a">Includes bibliographical references and index.</subfield>
      </datafield>
      <datafield tag="546" ind1=" " ind2=" ">
         <subfield code="a">Contributions in French, English, German, or Italian.</subfield>
      </datafield>
      <datafield tag="505" ind1="0" ind2=" ">
         <subfield code="a">J. Aliquot et C. Bonnet -- Introduction ; Cités et royaumes, des Achéménides à Rome. C. Apicella et Fr. Briquel Chatonnet -- La transition institutionnelle dans les cités phéniciennes, des Achéménides à Rome ; S. Fourrier -- Chypre, des royaumes à la province lagide : la documentation phénicienne ; C. C. Lorber -- Royal Coinage in Hellenistic Phoenicia: Expressions of Continuity, Agents of Change ; J.-B. Yon -- De Marisa à Byblos avec le courrier de Séleucos IV. Quelques données sur Byblos hellénistique ; Villes et campagnes du pays phénicien. H. Sader -- Les territoires des cités phéniciennes entre continuité et changement ; É. Guillon -- Les rapports entre les cités phéniciennes et leurs arrières-pays en Phénicie du Nord ; T. Waliszewski et U. Wicenciak -- Jiyeh (Porphyreon). Nouvelles découvertes sur le territoire de Sidon à l{u2019}époque hellénistique ; R. A. Stucky -- Dorf und Stadt. Griechische Präsenz an der phönizischen Küste während der Perserzeit und im frühen Hellenismus ; Culture matérielle et koinè hellénistique. J. L. Nitschke -- What is Phoenician about Phoenician material culture in the Hellenistic period? ; I. Oggiano -- Le sanctuaire de Kharayeb et l{u2019}imagerie phénicienne dans l{u2019}arrière-pays de Tyr ; S. Élaigne -- La vaisselle de table en Phénicie à l{u2019}époque hellénistique ; H. Eristov -- Le décor des maisons hellénistiques de Beyrouth ; Mémoires de la Phénicie hellénistique. C. Bonnet -- Le siège de Tyr par Alexandre et la mémoire des vainqueurs ; G. Garbati -- Le relazioni tra Cartagine e Tiro in età ellenistica. Presente e memoria nel tophet di Salammbô ; J. Aliquot -- Bibulus, fondateur de Byblos ; M. Sartre -- Conclusions.</subfield>
      </datafield>
      <datafield tag="651" ind1=" " ind2="0">
         <subfield code="a">Phoenicia</subfield>
         <subfield code="v">Congresses.</subfield>
      </datafield>
      <datafield tag="650" ind1=" " ind2="0">
         <subfield code="a">Cities and towns, Ancient</subfield>
         <subfield code="z">Phoenicia</subfield>
         <subfield code="v">Congresses.</subfield>
      </datafield>
      <datafield tag="651" ind1=" " ind2="0">
         <subfield code="a">Phoenicia</subfield>
         <subfield code="x">Civilization</subfield>
         <subfield code="v">Congresses.</subfield>
      </datafield>
      <datafield tag="651" ind1=" " ind2="7">
         <subfield code="a">Phoenice.</subfield>
         <subfield code="2">pleiades</subfield>
         <subfield code="0">https://pleiades.stoa.org/places/678334</subfield>
      </datafield>
      <datafield tag="650" ind1=" " ind2="7">
         <subfield code="a">Cities and towns, Ancient.</subfield>
         <subfield code="2">fast</subfield>
         <subfield code="0">(OCoLC)fst00861870</subfield>
      </datafield>
      <datafield tag="650" ind1=" " ind2="7">
         <subfield code="a">Civilization.</subfield>
         <subfield code="2">fast</subfield>
         <subfield code="0">(OCoLC)fst00862898</subfield>
      </datafield>
      <datafield tag="651" ind1=" " ind2="7">
         <subfield code="a">Middle East</subfield>
         <subfield code="z">Phoenicia.</subfield>
         <subfield code="2">fast</subfield>
         <subfield code="0">(OCoLC)fst01232263</subfield>
      </datafield>
      <datafield tag="655" ind1=" " ind2="7">
         <subfield code="a">Conference papers and proceedings.</subfield>
         <subfield code="2">fast</subfield>
         <subfield code="0">(OCoLC)fst01423772</subfield>
      </datafield>
      <datafield tag="655" ind1=" " ind2="7">
         <subfield code="a">Conference papers and proceedings.</subfield>
         <subfield code="2">lcgft</subfield>
      </datafield>
      <datafield tag="700" ind1="1" ind2=" ">
         <subfield code="a">Aliquot, Julien,</subfield>
         <subfield code="d">1977-</subfield>
         <subfield code="e">editor.</subfield>
      </datafield>
      <datafield tag="700" ind1="1" ind2=" ">
         <subfield code="a">Bonnet, Corinne,</subfield>
         <subfield code="e">editor.</subfield>
      </datafield>
      <datafield tag="830" ind1=" " ind2="0">
         <subfield code="a">Topoi orient-occident.</subfield>
         <subfield code="p">Supplément ;</subfield>
         <subfield code="v">13.</subfield>
         <subfield code="x">1764-0733</subfield>
      </datafield>
      <datafield tag="994" ind1=" " ind2=" ">
         <subfield code="a">Z0</subfield>
         <subfield code="b">ZYU</subfield>
      </datafield>
      <datafield tag="OWN" ind1=" " ind2=" ">
         <subfield code="a">GENERAL</subfield>
      </datafield>
      <datafield tag="AVA" ind1=" " ind2=" ">
         <subfield code="a">NYU50</subfield>
         <subfield code="b">NISAW</subfield>
         <subfield code="c">Small Collection</subfield>
         <subfield code="d">DE73.2.P56 P54 2015 Non-circulating</subfield>
         <subfield code="e">available</subfield>
         <subfield code="t">Available</subfield>
         <subfield code="f">1</subfield>
         <subfield code="g">0</subfield>
         <subfield code="h">N</subfield>
         <subfield code="i">0</subfield>
         <subfield code="j">SMALL</subfield>
         <subfield code="k">0</subfield>
      </datafield>
      <marc:datafield tag="852" ind1=" " ind2=" ">
         <marc:subfield code="b">Institute for the Study of the Ancient World, </marc:subfield>
         <marc:subfield code="c">Small Collection</marc:subfield>
         <marc:subfield code="e">15 East 84th St., </marc:subfield>
         <marc:subfield code="e">New York, NY  10028</marc:subfield>
      </marc:datafield>
   </record>