
  
  
  
  
  
  
  
  
  
  
  
  
  
 
  
  <record xsi:schemaLocation="http://www.loc.gov/MARC21/slim http://www.loc.gov/standards/marcxml/schema/MARC21slim.xsd">
      <leader>00000cam a2200697Ii 4500</leader>
      <controlfield tag="FMT">BK</controlfield>
      <controlfield tag="LDR">00000cam a2200697Ii 4500</controlfield>
      <controlfield tag="001">000010641</controlfield>
      <controlfield tag="003">OCoLC</controlfield>
      <controlfield tag="005">20180114070935.0</controlfield>
      <controlfield tag="008">751010m19359999ua af    b    000 0 fre d</controlfield>
      <datafield tag="020" ind1=" " ind2=" ">
         <subfield code="a">9782724702774</subfield>
         <subfield code="q">(t. 8)</subfield>
      </datafield>
      <datafield tag="020" ind1=" " ind2=" ">
         <subfield code="a">2724702778</subfield>
         <subfield code="q">(t. 8)</subfield>
      </datafield>
      <datafield tag="020" ind1=" " ind2=" ">
         <subfield code="a">9782724703252</subfield>
         <subfield code="q">(t. 9)</subfield>
      </datafield>
      <datafield tag="020" ind1=" " ind2=" ">
         <subfield code="a">2724703251</subfield>
         <subfield code="q">(t. 9)</subfield>
      </datafield>
      <datafield tag="020" ind1=" " ind2=" ">
         <subfield code="a">9782724704181</subfield>
         <subfield code="q">(t. 10)</subfield>
      </datafield>
      <datafield tag="020" ind1=" " ind2=" ">
         <subfield code="a">2724704185</subfield>
         <subfield code="q">(t. 10)</subfield>
      </datafield>
      <datafield tag="020" ind1=" " ind2=" ">
         <subfield code="a">9782724705515</subfield>
         <subfield code="q">(t. 11)</subfield>
      </datafield>
      <datafield tag="020" ind1=" " ind2=" ">
         <subfield code="a">2724705513</subfield>
         <subfield code="q">(t. 11)</subfield>
      </datafield>
      <datafield tag="020" ind1=" " ind2=" ">
         <subfield code="a">9782724707014</subfield>
         <subfield code="q">(t. 12)</subfield>
      </datafield>
      <datafield tag="020" ind1=" " ind2=" ">
         <subfield code="a">272470701X</subfield>
         <subfield code="q">(t. 12)</subfield>
      </datafield>
      <datafield tag="035" ind1=" " ind2=" ">
         <subfield code="a">(OCoLC)1692746</subfield>
      </datafield>
      <datafield tag="040" ind1=" " ind2=" ">
         <subfield code="a">BNG</subfield>
         <subfield code="b">eng</subfield>
         <subfield code="c">BNG</subfield>
         <subfield code="d">OCLCQ</subfield>
         <subfield code="d">OCLCG</subfield>
         <subfield code="d">YUS</subfield>
         <subfield code="d">OCLCQ</subfield>
         <subfield code="d">OCLCA</subfield>
         <subfield code="d">OCLCQ</subfield>
         <subfield code="d">OCLCO</subfield>
         <subfield code="d">OCLCQ</subfield>
         <subfield code="d">ZYU</subfield>
      </datafield>
      <datafield tag="041" ind1="0" ind2=" ">
         <subfield code="a">fre</subfield>
         <subfield code="a">egy</subfield>
      </datafield>
      <datafield tag="043" ind1=" " ind2=" ">
         <subfield code="a">f-ua---</subfield>
      </datafield>
      <datafield tag="050" ind1=" " ind2="4">
         <subfield code="a">DT57</subfield>
         <subfield code="b">.C16 t.3, [etc.]</subfield>
      </datafield>
      <datafield tag="079" ind1=" " ind2=" ">
         <subfield code="a">(OCoLC)1692746</subfield>
      </datafield>
      <datafield tag="100" ind1="1" ind2=" ">
         <subfield code="a">Černý, Jaroslav,</subfield>
         <subfield code="d">1898-1970.</subfield>
      </datafield>
      <datafield tag="245" ind1="1" ind2="0">
         <subfield code="a">Catalogue des ostraca hiératiques non littéraires de Deir el-Medineh :</subfield>
         <subfield code="b">nos. 1- /</subfield>
         <subfield code="c">Jaroslav Černy.</subfield>
      </datafield>
      <datafield tag="260" ind1=" " ind2=" ">
         <subfield code="a">Le Caire :</subfield>
         <subfield code="b">Impr. de l'Institut français d'archéologie orientale du Caire,</subfield>
         <subfield code="c">1935-&lt;2017&gt;</subfield>
      </datafield>
      <datafield tag="300" ind1=" " ind2=" ">
         <subfield code="a">volumes 1-&lt;12&gt;(with plates) ;</subfield>
         <subfield code="c">31-33 cm.</subfield>
      </datafield>
      <datafield tag="336" ind1=" " ind2=" ">
         <subfield code="a">text</subfield>
         <subfield code="b">txt</subfield>
         <subfield code="2">rdacontent</subfield>
      </datafield>
      <datafield tag="336" ind1=" " ind2=" ">
         <subfield code="a">still image</subfield>
         <subfield code="b">sti</subfield>
         <subfield code="2">rdacontent</subfield>
      </datafield>
      <datafield tag="337" ind1=" " ind2=" ">
         <subfield code="a">unmediated</subfield>
         <subfield code="b">n</subfield>
         <subfield code="2">rdamedia</subfield>
      </datafield>
      <datafield tag="338" ind1=" " ind2=" ">
         <subfield code="a">volume</subfield>
         <subfield code="b">nc</subfield>
         <subfield code="2">rdacarrier</subfield>
      </datafield>
      <datafield tag="490" ind1="1" ind2=" ">
         <subfield code="a">Documents de fouilles publiés par les membres de l'Institut francais d'archéologie orientale du Caire ;</subfield>
         <subfield code="v">t. 3-7, 13-14, 39, 41, 46, 48, &lt;50&gt;</subfield>
      </datafield>
      <datafield tag="490" ind1="1" ind2=" ">
         <subfield code="a">Publications - Institut français d'archéologie orientale.</subfield>
      </datafield>
      <datafield tag="500" ind1=" " ind2=" ">
         <subfield code="a">ISAW copy (t. 1-7) is from the library of Alan M. May.</subfield>
         <subfield code="5">NyNyUAW</subfield>
      </datafield>
      <datafield tag="500" ind1=" " ind2=" ">
         <subfield code="a">Nos. 550-623 by Serge Sauneron.</subfield>
      </datafield>
      <datafield tag="500" ind1=" " ind2=" ">
         <subfield code="a">Nos. 706- by Pierre Grandet.</subfield>
      </datafield>
      <datafield tag="504" ind1=" " ind2=" ">
         <subfield code="a">Includes bibliographical references.</subfield>
      </datafield>
      <datafield tag="505" ind1="0" ind2="0">
         <subfield code="g">[t. 1], Documents de fouilles t. 3.</subfield>
         <subfield code="t">Nos. 1-113 --</subfield>
         <subfield code="g">[t. 2], Documents de fouilles t. 4.</subfield>
         <subfield code="t">Nos 114-189 --</subfield>
         <subfield code="g">t. 3, Documents de fouilles t. 5.</subfield>
         <subfield code="t">Nos. 190-241 --</subfield>
         <subfield code="g">t. 4, Documents de fouilles t. 6.</subfield>
         <subfield code="t">Nos. 242-339 --</subfield>
         <subfield code="g">t. 5, Documents de fouilles t. 7.</subfield>
         <subfield code="t">Nos. 340-456 --</subfield>
         <subfield code="g">[t. 6], Documents de fouilles t. 13.</subfield>
         <subfield code="t">Nos. 550-623 /</subfield>
         <subfield code="r">Serge Sauneron --</subfield>
         <subfield code="g">[t. 7], Docuemnts de fouilles t. 14.</subfield>
         <subfield code="t">Nos. 624-705 --</subfield>
         <subfield code="t">t. 8, Documents de fouilles t. 39.</subfield>
         <subfield code="t">Nos. 706-830 --</subfield>
         <subfield code="g">t. 9, Documents de fouilles t. 41. Nos. 831-1000 /</subfield>
         <subfield code="r">Pierre Grandet --</subfield>
         <subfield code="g">t. 10, Documents de fouilles t. 46.</subfield>
         <subfield code="t">Nos. 10001-10123 /</subfield>
         <subfield code="r">Pierre Grandet --</subfield>
         <subfield code="g">t. 11, Documents de fouilles t. 48.</subfield>
         <subfield code="t">Nos. 10124-10275 /</subfield>
         <subfield code="r">Pierre Grandet --</subfield>
         <subfield code="g">t. 12, Documents de fouilles t. 50.</subfield>
         <subfield code="t">Nos. 10276-10405 /</subfield>
         <subfield code="r">Pierre Grandet</subfield>
      </datafield>
      <datafield tag="650" ind1=" " ind2="0">
         <subfield code="a">Egyptian language</subfield>
         <subfield code="v">Texts.</subfield>
      </datafield>
      <datafield tag="650" ind1=" " ind2="0">
         <subfield code="a">Egyptian language</subfield>
         <subfield code="x">Writing, Hieratic.</subfield>
      </datafield>
      <datafield tag="650" ind1=" " ind2="0">
         <subfield code="a">Ostraka</subfield>
         <subfield code="z">Egypt</subfield>
         <subfield code="z">Deir el-Medina Site.</subfield>
      </datafield>
      <datafield tag="651" ind1=" " ind2="0">
         <subfield code="a">Deir el-Medina Site (Egypt)</subfield>
      </datafield>
      <datafield tag="651" ind1=" " ind2="7">
         <subfield code="a">Deir el-Medina.</subfield>
         <subfield code="2">pleiades</subfield>
         <subfield code="0">https://pleiades.stoa.org/places/864388873</subfield>
      </datafield>
      <datafield tag="700" ind1="1" ind2=" ">
         <subfield code="a">May, Alan M.,</subfield>
         <subfield code="e">former owner.</subfield>
         <subfield code="5">NyNyUAW</subfield>
      </datafield>
      <datafield tag="740" ind1="0" ind2=" ">
         <subfield code="a">May Collection.</subfield>
         <subfield code="5">NyNyUAW</subfield>
      </datafield>
      <datafield tag="700" ind1="1" ind2=" ">
         <subfield code="a">Sauneron, Serge.</subfield>
      </datafield>
      <datafield tag="700" ind1="1" ind2=" ">
         <subfield code="a">Grandet, Pierre.</subfield>
      </datafield>
      <datafield tag="740" ind1="0" ind2="2">
         <subfield code="a">Ostraca hiératiques non littéraires.</subfield>
      </datafield>
      <datafield tag="830" ind1=" " ind2="0">
         <subfield code="a">Documents de fouilles ;</subfield>
         <subfield code="v">t. 3.</subfield>
      </datafield>
      <datafield tag="830" ind1=" " ind2="0">
         <subfield code="a">Documents de fouilles ;</subfield>
         <subfield code="v">t. 4.</subfield>
      </datafield>
      <datafield tag="830" ind1=" " ind2="0">
         <subfield code="a">Documents de fouilles ;</subfield>
         <subfield code="v">t. 5.</subfield>
      </datafield>
      <datafield tag="830" ind1=" " ind2="0">
         <subfield code="a">Documents de fouilles ;</subfield>
         <subfield code="v">t. 6.</subfield>
      </datafield>
      <datafield tag="830" ind1=" " ind2="0">
         <subfield code="a">Documents de fouilles ;</subfield>
         <subfield code="v">t. 7.</subfield>
      </datafield>
      <datafield tag="830" ind1=" " ind2="0">
         <subfield code="a">Documents de fouilles ;</subfield>
         <subfield code="v">t. 13.</subfield>
      </datafield>
      <datafield tag="830" ind1=" " ind2="0">
         <subfield code="a">Documents de fouilles ;</subfield>
         <subfield code="v">t. 14.</subfield>
      </datafield>
      <datafield tag="830" ind1=" " ind2="0">
         <subfield code="a">Documents de fouilles ;</subfield>
         <subfield code="v">t. 39.</subfield>
      </datafield>
      <datafield tag="830" ind1=" " ind2="0">
         <subfield code="a">Documents de fouilles ;</subfield>
         <subfield code="v">t. 41.</subfield>
      </datafield>
      <datafield tag="830" ind1=" " ind2="0">
         <subfield code="a">Documents de fouilles ;</subfield>
         <subfield code="v">t. 46.</subfield>
      </datafield>
      <datafield tag="830" ind1=" " ind2="0">
         <subfield code="a">Documents de fouilles ;</subfield>
         <subfield code="v">t. 48.</subfield>
      </datafield>
      <datafield tag="830" ind1=" " ind2="0">
         <subfield code="a">Documents de fouilles ;</subfield>
         <subfield code="v">t. 50.</subfield>
      </datafield>
      <datafield tag="810" ind1="2" ind2=" ">
         <subfield code="a">Institut français d'archéologie orientale du Caire.</subfield>
         <subfield code="t">Publications.</subfield>
      </datafield>
      <datafield tag="994" ind1=" " ind2=" ">
         <subfield code="a">Z0</subfield>
         <subfield code="b">ZYU</subfield>
      </datafield>
      <datafield tag="OWN" ind1=" " ind2=" ">
         <subfield code="a">GENERAL</subfield>
      </datafield>
      <datafield tag="AVA" ind1=" " ind2=" ">
         <subfield code="a">NYU50</subfield>
         <subfield code="b">NISAW</subfield>
         <subfield code="c">Oversize Collection</subfield>
         <subfield code="d">DT57 .C16 t.3, etc. Non-circulating</subfield>
         <subfield code="e">available</subfield>
         <subfield code="t">Available</subfield>
         <subfield code="f">7</subfield>
         <subfield code="g">0</subfield>
         <subfield code="h">Y</subfield>
         <subfield code="i">0</subfield>
         <subfield code="j">OVERZ</subfield>
         <subfield code="k">0</subfield>
      </datafield>
      <marc:datafield tag="852" ind1=" " ind2=" ">
         <marc:subfield code="b">Institute for the Study of the Ancient World, </marc:subfield>
         <marc:subfield code="c">Oversize Collection</marc:subfield>
         <marc:subfield code="e">15 East 84th St., </marc:subfield>
         <marc:subfield code="e">New York, NY  10028</marc:subfield>
      </marc:datafield>
   </record>