
  
  
  
  
  
  
  
  
  
  
  
 
  
  <record xsi:schemaLocation="http://www.loc.gov/MARC21/slim http://www.loc.gov/standards/marcxml/schema/MARC21slim.xsd">
      <leader>00000cam a22     Ii 4500</leader>
      <controlfield tag="FMT">BK</controlfield>
      <controlfield tag="LDR">00000cam a22     Ii 4500</controlfield>
      <controlfield tag="001">005936840</controlfield>
      <controlfield tag="005">20180122102922.0</controlfield>
      <controlfield tag="008">180116t20172017au ab    b    100 0 eng d</controlfield>
      <datafield tag="016" ind1="7" ind2=" ">
         <subfield code="a">982090250</subfield>
         <subfield code="2">GyFmDB</subfield>
      </datafield>
      <datafield tag="020" ind1=" " ind2=" ">
         <subfield code="a">9783700179634</subfield>
         <subfield code="q">(pbk.)</subfield>
      </datafield>
      <datafield tag="020" ind1=" " ind2=" ">
         <subfield code="a">3700179634</subfield>
         <subfield code="q">(pbk.)</subfield>
      </datafield>
      <datafield tag="024" ind1="3" ind2=" ">
         <subfield code="a">9783700179634</subfield>
      </datafield>
      <datafield tag="035" ind1=" " ind2=" ">
         <subfield code="a">(OCoLC)992704679</subfield>
         <subfield code="z">(OCoLC)993998252</subfield>
      </datafield>
      <datafield tag="040" ind1=" " ind2=" ">
         <subfield code="a">OHX</subfield>
         <subfield code="b">eng</subfield>
         <subfield code="e">rda</subfield>
         <subfield code="c">OHX</subfield>
         <subfield code="d">OCLCO</subfield>
         <subfield code="d">LOA</subfield>
         <subfield code="d">YDX</subfield>
         <subfield code="d">EMT</subfield>
         <subfield code="d">OCLCO</subfield>
         <subfield code="d">ERASA</subfield>
         <subfield code="d">BTCTA</subfield>
         <subfield code="d">CGU</subfield>
         <subfield code="d">PAU</subfield>
         <subfield code="d">OCLCF</subfield>
         <subfield code="d">PUL</subfield>
         <subfield code="d">MBB</subfield>
         <subfield code="d">EMU</subfield>
         <subfield code="d">UAB</subfield>
      </datafield>
      <datafield tag="043" ind1=" " ind2=" ">
         <subfield code="a">mm-----</subfield>
         <subfield code="a">aw-----</subfield>
      </datafield>
      <datafield tag="050" ind1=" " ind2="4">
         <subfield code="a">DE73.2.S4</subfield>
         <subfield code="b">S44 2017</subfield>
      </datafield>
      <datafield tag="072" ind1=" " ind2="7">
         <subfield code="a">DS</subfield>
         <subfield code="2">lcco</subfield>
      </datafield>
      <datafield tag="079" ind1=" " ind2=" ">
         <subfield code="a">(OCoLC)992704679</subfield>
      </datafield>
      <datafield tag="082" ind1="0" ind2="4">
         <subfield code="a">938</subfield>
      </datafield>
      <datafield tag="245" ind1="0" ind2="0">
         <subfield code="a">"Sea Peoples" up-to-date :</subfield>
         <subfield code="b">new research on transformations in the Eastern Mediterranean in the 13th-11th centuries BCE : proceedings of the ESF-Workshop held at the Austrian Academy of Sciences, Vienna, 3-4 November 2014 /</subfield>
         <subfield code="c">Peter M. Fischer and Teresa Bürge (eds.).</subfield>
      </datafield>
      <datafield tag="264" ind1=" " ind2="1">
         <subfield code="a">Wien :</subfield>
         <subfield code="b">Verlag der Österreichischen Akademie der Wissenschaften,</subfield>
         <subfield code="c">[2017]</subfield>
      </datafield>
      <datafield tag="264" ind1=" " ind2="4">
         <subfield code="c">©2017</subfield>
      </datafield>
      <datafield tag="300" ind1=" " ind2=" ">
         <subfield code="a">412 pages :</subfield>
         <subfield code="b">illustrations (some color), maps (some color) ;</subfield>
         <subfield code="c">31 cm.</subfield>
      </datafield>
      <datafield tag="336" ind1=" " ind2=" ">
         <subfield code="a">text</subfield>
         <subfield code="b">txt</subfield>
         <subfield code="2">rdacontent</subfield>
      </datafield>
      <datafield tag="337" ind1=" " ind2=" ">
         <subfield code="a">unmediated</subfield>
         <subfield code="b">n</subfield>
         <subfield code="2">rdamedia</subfield>
      </datafield>
      <datafield tag="338" ind1=" " ind2=" ">
         <subfield code="a">volume</subfield>
         <subfield code="b">nc</subfield>
         <subfield code="2">rdacarrier</subfield>
      </datafield>
      <datafield tag="490" ind1="1" ind2=" ">
         <subfield code="a">Österreichische Akademie der Wissenschaften. Denkschriften der Gesamtakademie ;</subfield>
         <subfield code="v">Band LXXXI</subfield>
      </datafield>
      <datafield tag="490" ind1="1" ind2=" ">
         <subfield code="a">Contributions to the chronology of the Eastern Mediterranean ;</subfield>
         <subfield code="v">volume XXXV</subfield>
      </datafield>
      <datafield tag="500" ind1=" " ind2=" ">
         <subfield code="a">International conference proceedings.</subfield>
      </datafield>
      <datafield tag="500" ind1=" " ind2=" ">
         <subfield code="a">Academy publication.</subfield>
      </datafield>
      <datafield tag="504" ind1=" " ind2=" ">
         <subfield code="a">Includes bibliographical references.</subfield>
      </datafield>
      <datafield tag="520" ind1="8" ind2=" ">
         <subfield code="a">This volume presents the outcomes of the European Science Foundation workshop "Sea Peoples" Up-to-Date. New Research on Transformations in the Eastern Mediterranean in the 13th-11th Centuries BCE", which took place in November 2014 at the Austrian Academy of Sciences in Vienna. It offers up-to-date research on the Sea Peoples phenomenon during the so called "crisis years" at the end of the Bronze Age. This period encompasses dramatic changes in the political and cultural landscape of mainly the Eastern Mediterranean around 1200 BCE and most of the 12th century BCE. In geographical terms, these changes are noticeable in a vast area stretching from the Italian peninsula over the Balkans, the Aegean, Anatolia and Cyprus, to the Levant and Egypt. The term "Sea Peoples phenomenon" should be considered as an encompassing term, which- in addition to the written records on hostile activities of various ethnic groups in the Eastern Mediterranean- is synonymous with the effect of this turbulent period as reflected in the material remains. As a consequence, these events ended the Late Bronze Age, the first period of "internationalism" in human history.</subfield>
      </datafield>
      <datafield tag="505" ind1="0" ind2="0">
         <subfield code="t">Reflections on the outcomes of the workshop: problems and desiderata /</subfield>
         <subfield code="r">Peter M. Fischer and Teresa Bürge.</subfield>
         <subfield code="t">Overviews: from Italy to the Levant.</subfield>
         <subfield code="t">The sea people after three millennia: possibilities and limitations of historical reconstruction /</subfield>
         <subfield code="r">Reinhard Jung --</subfield>
         <subfield code="t">Causes of complex system collapse at the end of the Bronze Age /</subfield>
         <subfield code="r">Malcolm H. Weiner --</subfield>
         <subfield code="t">The sea people and the collapse of Mycenaean palatial rule /</subfield>
         <subfield code="r">Heléne Whittaker.</subfield>
         <subfield code="t">Climate and radiocarbon.</subfield>
         <subfield code="t">The climate context of the 3.2 kyr calBP event /</subfield>
         <subfield code="r">Dabid Kaniewski and Elise van Campo --</subfield>
         <subfield code="t">Dating the end of the late bronze age with radiocarbon: some observations, concerns, and revisiting the dataing of late Cypriot IIC to IIA /</subfield>
         <subfield code="r">Sturt W. Manning, Catherine Kearns, and Brita Lorentzen.</subfield>
         <subfield code="t">Theoretical approaches on destruction, migration and transformation of culture.</subfield>
         <subfield code="t">Sea peoples, Philistines, and the destruction of cities: a critical examinationof destruction layers 'caused' by the 'Sea peoples' /</subfield>
         <subfield code="r">Jesse Michael Millek --</subfield>
         <subfield code="t">Some notes on Philistines, migration, and Mediterraniean connectivity /</subfield>
         <subfield code="r">Assaf Yasur-Landau --</subfield>
         <subfield code="t">The appearance, formation, and transformation of Philistine culture: new perspectives and new finds /</subfield>
         <subfield code="r">Aren M. Maeir and Louise A. Hitchcock --</subfield>
         <subfield code="t">Anglo-Saxons and Sea Peoples: comparing similar approaches for tracking ancient human migration /</subfield>
         <subfield code="r">Lorenz Rahmstorf.</subfield>
         <subfield code="t">Case studies: Cyprus, Cilicia and the Levant.</subfield>
         <subfield code="t">The 13th/12th century BCE destructions and the abandonment of Hala Sultan Tekke, Cyprus /</subfield>
         <subfield code="r">Peter M. Fischer --</subfield>
         <subfield code="t">Flourishing amidst a 'crisis': the regional history of the Paphos Polity at the transition from the 13th to the 12th centuries BC /</subfield>
         <subfield code="r">Artemis Georgiou --</subfield>
         <subfield code="t">The late Bronze-Iron Age transition and the problem of the Sea Peoples phenomenon in China /</subfield>
         <subfield code="r">Gunnar Lehmann --</subfield>
         <subfield code="t">The archaeological ramifications of 'Philistines' in Aleppo /</subfield>
         <subfield code="r">Diederick J.W. Meijer --</subfield>
      </datafield>
      <datafield tag="505" ind1="0" ind2="0">
         <subfield code="t">The impact of the Sea Peoples in the central and northern Levant in perspective /</subfield>
         <subfield code="r">Franciso J. Núñez --</subfield>
         <subfield code="t">Flucuations in Levantine Maritime Foci across the Late Bronze/Iron Age transition charting the role of the Sharon-Camel (Tjeker) Coast in the rise of Iron Age Phoenician politics /</subfield>
         <subfield code="r">Ayelet Gilboa and Ilan Sharon --</subfield>
         <subfield code="t">The late Bronze to early Iron Age transition in Transjordan -- between tradition and innovation: evidence of migration at Tell Abu al-Kharaz, Jordan Valley? /</subfield>
         <subfield code="r">Teresa Bürge --</subfield>
         <subfield code="t">Philistines and Danites /</subfield>
         <subfield code="r">Wolfgang Zwickel.</subfield>
         <subfield code="t">Material studies.</subfield>
         <subfield code="t">The Sea Peoples: a view from the pottery /</subfield>
         <subfield code="r">Penelope A. Mountjoy --</subfield>
         <subfield code="t">How Aegean is Philistine pottery? the use of Aegean-type pottery and in the Early 21th century BCE Southern Levant /</subfield>
         <subfield code="t">Philipp W. Stockhammer --</subfield>
         <subfield code="t">Weapons and metals -- interregional contacts between Italy and the Eastern Mediterranean during the late Bronze Age /</subfield>
         <subfield code="r">Mathias Mehofer and Reinhard Jung --</subfield>
         <subfield code="t">Shifts in value? exotica in the 13th-12th centuries BCE Mediterranean /</subfield>
         <subfield code="t">Gert Jan van Wijngaarden.</subfield>
      </datafield>
      <datafield tag="650" ind1=" " ind2="0">
         <subfield code="a">Sea Peoples</subfield>
         <subfield code="v">Congresses.</subfield>
      </datafield>
      <datafield tag="651" ind1=" " ind2="0">
         <subfield code="a">Mediterranean Region</subfield>
         <subfield code="x">Antiquities</subfield>
         <subfield code="v">Congresses.</subfield>
      </datafield>
      <datafield tag="651" ind1=" " ind2="0">
         <subfield code="a">Mediterranean Region</subfield>
         <subfield code="x">History</subfield>
         <subfield code="v">Congresses.</subfield>
      </datafield>
      <datafield tag="651" ind1=" " ind2="0">
         <subfield code="a">Middle East</subfield>
         <subfield code="x">Antiquities</subfield>
         <subfield code="v">Congresses.</subfield>
      </datafield>
      <datafield tag="651" ind1=" " ind2="0">
         <subfield code="a">Middle East</subfield>
         <subfield code="x">History</subfield>
         <subfield code="y">To 622</subfield>
         <subfield code="v">Congresses.</subfield>
      </datafield>
      <datafield tag="650" ind1=" " ind2="7">
         <subfield code="a">Antiquities.</subfield>
         <subfield code="2">fast</subfield>
         <subfield code="0">(OCoLC)fst00810745</subfield>
      </datafield>
      <datafield tag="650" ind1=" " ind2="7">
         <subfield code="a">Sea Peoples.</subfield>
         <subfield code="2">fast</subfield>
         <subfield code="0">(OCoLC)fst01109977</subfield>
      </datafield>
      <datafield tag="651" ind1=" " ind2="7">
         <subfield code="a">Mediterranean Region.</subfield>
         <subfield code="2">fast</subfield>
         <subfield code="0">(OCoLC)fst01239752</subfield>
      </datafield>
      <datafield tag="651" ind1=" " ind2="7">
         <subfield code="a">Middle East.</subfield>
         <subfield code="2">fast</subfield>
         <subfield code="0">(OCoLC)fst01241586</subfield>
      </datafield>
      <datafield tag="648" ind1=" " ind2="7">
         <subfield code="a">To 622.</subfield>
         <subfield code="2">fast</subfield>
      </datafield>
      <datafield tag="655" ind1=" " ind2="7">
         <subfield code="a">History.</subfield>
         <subfield code="2">fast</subfield>
         <subfield code="0">(OCoLC)fst01411628</subfield>
      </datafield>
      <datafield tag="700" ind1="1" ind2=" ">
         <subfield code="a">Fischer, Peter M.,</subfield>
         <subfield code="e">editor.</subfield>
         <subfield code="4">edt</subfield>
      </datafield>
      <datafield tag="700" ind1="1" ind2=" ">
         <subfield code="a">Bürge, Teresa,</subfield>
         <subfield code="e">editor.</subfield>
         <subfield code="4">edt</subfield>
      </datafield>
      <datafield tag="710" ind1="2" ind2=" ">
         <subfield code="a">European Science Foundation.</subfield>
         <subfield code="b">Workshop</subfield>
         <subfield code="d">(2014 :</subfield>
         <subfield code="c">Vienna, Austria).</subfield>
         <subfield code="t">Proceedings.</subfield>
      </datafield>
      <datafield tag="710" ind1="2" ind2=" ">
         <subfield code="a">Österreichische Akademie der Wissenschaften,</subfield>
         <subfield code="e">host institution.</subfield>
      </datafield>
      <datafield tag="830" ind1=" " ind2="0">
         <subfield code="a">Denkschriften der Gesamtakademie ;</subfield>
         <subfield code="v">Bd. 81.</subfield>
      </datafield>
      <datafield tag="830" ind1=" " ind2="0">
         <subfield code="a">Contributions to the chronology of the Eastern Mediterranean ;</subfield>
         <subfield code="v">v. 35.</subfield>
      </datafield>
      <datafield tag="OWN" ind1=" " ind2=" ">
         <subfield code="a">GENERAL</subfield>
      </datafield>
      <datafield tag="AVA" ind1=" " ind2=" ">
         <subfield code="a">NYU50</subfield>
         <subfield code="b">NISAW</subfield>
         <subfield code="c">Large Collection</subfield>
         <subfield code="d">DE73.2.S4 S44 2017 Non-circulating</subfield>
         <subfield code="e">available</subfield>
         <subfield code="t">Available</subfield>
         <subfield code="f">1</subfield>
         <subfield code="g">0</subfield>
         <subfield code="h">N</subfield>
         <subfield code="i">0</subfield>
         <subfield code="j">LARGE</subfield>
         <subfield code="k">0</subfield>
      </datafield>
      <marc:datafield tag="852" ind1=" " ind2=" ">
         <marc:subfield code="b">Institute for the Study of the Ancient World, </marc:subfield>
         <marc:subfield code="c">Large Collection</marc:subfield>
         <marc:subfield code="e">15 East 84th St., </marc:subfield>
         <marc:subfield code="e">New York, NY  10028</marc:subfield>
      </marc:datafield>
   </record>