
  
  
  
  
  
  
  
  
  
  
  
  
  
 
  
  <record xsi:schemaLocation="http://www.loc.gov/MARC21/slim http://www.loc.gov/standards/marcxml/schema/MARC21slim.xsd">
      <leader>00000cam a22      i 4500</leader>
      <controlfield tag="FMT">BK</controlfield>
      <controlfield tag="LDR">00000cam a22      i 4500</controlfield>
      <controlfield tag="001">005936978</controlfield>
      <controlfield tag="005">20180122133830.0</controlfield>
      <controlfield tag="008">180116t19761975couabf   b    001 0 eng</controlfield>
      <datafield tag="010" ind1=" " ind2=" ">
         <subfield code="a">76005390</subfield>
      </datafield>
      <datafield tag="020" ind1=" " ind2=" ">
         <subfield code="a">0891586091</subfield>
      </datafield>
      <datafield tag="020" ind1=" " ind2=" ">
         <subfield code="a">9780891586098</subfield>
      </datafield>
      <datafield tag="035" ind1=" " ind2=" ">
         <subfield code="a">(OCoLC)2089429</subfield>
      </datafield>
      <datafield tag="040" ind1=" " ind2=" ">
         <subfield code="a">DLC</subfield>
         <subfield code="b">eng</subfield>
         <subfield code="c">DLC</subfield>
         <subfield code="d">NLGGC</subfield>
         <subfield code="d">OCLCG</subfield>
         <subfield code="d">AU@</subfield>
         <subfield code="d">DEBBG</subfield>
         <subfield code="d">BDX</subfield>
         <subfield code="d">OCLCO</subfield>
         <subfield code="d">OCLCQ</subfield>
         <subfield code="d">OCLCF</subfield>
         <subfield code="d">TAMSA</subfield>
         <subfield code="d">OCLCQ</subfield>
         <subfield code="d">OCL</subfield>
         <subfield code="d">KPS</subfield>
         <subfield code="d">ZYU</subfield>
      </datafield>
      <datafield tag="043" ind1=" " ind2=" ">
         <subfield code="a">e------</subfield>
         <subfield code="a">ff-----</subfield>
         <subfield code="a">aw-----</subfield>
      </datafield>
      <datafield tag="050" ind1="0" ind2="0">
         <subfield code="a">DG286</subfield>
         <subfield code="b">.W44 1976</subfield>
      </datafield>
      <datafield tag="079" ind1=" " ind2=" ">
         <subfield code="a">(OCoLC)2089429</subfield>
      </datafield>
      <datafield tag="082" ind1="0" ind2="4">
         <subfield code="a">937/.07</subfield>
      </datafield>
      <datafield tag="084" ind1=" " ind2=" ">
         <subfield code="a">15.52</subfield>
         <subfield code="2">bcl</subfield>
      </datafield>
      <datafield tag="084" ind1=" " ind2=" ">
         <subfield code="a">NH 7400</subfield>
         <subfield code="2">rvk</subfield>
      </datafield>
      <datafield tag="100" ind1="1" ind2=" ">
         <subfield code="a">Wellesley, Kenneth.</subfield>
      </datafield>
      <datafield tag="245" ind1="1" ind2="4">
         <subfield code="a">The long year, A.D. 69 /</subfield>
         <subfield code="c">Kenneth Wellesley.</subfield>
      </datafield>
      <datafield tag="260" ind1=" " ind2=" ">
         <subfield code="a">Boulder, Colo. :</subfield>
         <subfield code="b">Westview Press,</subfield>
         <subfield code="c">1976, ©1975.</subfield>
      </datafield>
      <datafield tag="300" ind1=" " ind2=" ">
         <subfield code="a">xv, 234 pages, [5] leaves of plates :</subfield>
         <subfield code="b">illustrations, maps ;</subfield>
         <subfield code="c">24 cm</subfield>
      </datafield>
      <datafield tag="336" ind1=" " ind2=" ">
         <subfield code="a">text</subfield>
         <subfield code="b">txt</subfield>
         <subfield code="2">rdacontent</subfield>
      </datafield>
      <datafield tag="337" ind1=" " ind2=" ">
         <subfield code="a">unmediated</subfield>
         <subfield code="b">n</subfield>
         <subfield code="2">rdamedia</subfield>
      </datafield>
      <datafield tag="338" ind1=" " ind2=" ">
         <subfield code="a">volume</subfield>
         <subfield code="b">nc</subfield>
         <subfield code="2">rdacarrier</subfield>
      </datafield>
      <datafield tag="504" ind1=" " ind2=" ">
         <subfield code="a">Includes bibliographical references and index.</subfield>
      </datafield>
      <datafield tag="505" ind1="0" ind2=" ">
         <subfield code="a">Prospect and retrospect -- The five days' Caesar -- Caecina and Valens -- Otho's reaction -- The first battle of Cremona -- Vitellius' march to Rome -- Flavian hopes -- The second battle of Cremona -- Antonius moves south -- Rhine and Nile -- The battle of Rome -- The last ten days.</subfield>
      </datafield>
      <datafield tag="520" ind1=" " ind2=" ">
         <subfield code="a">On 1 January A.D. 69, the Roman people particularly the inhabitants of Rome, had every reason to feel optimistic. The infamous Nero was dead and Galba, in his seventies, a greatly respected governor of Nearer Spain, had been chosen emperor with the whole-hearted consent of army and Senate. And yet, within the first fortnight of the New Year, Galba had been brutally assassinated in the Roman Forum. During a year which had begun with such high hopes of peace and stability two further emperors, Otho and Vitellius, were to meet equally violent deaths, two desperate battles were to be fought at Cremona, Rome was to be captured for Vespasian, and civil war was not only to rack Italy but to touch areas as remote as Britain and Syria. Few years in history, certainly in the Roman empire, have been so eventful: the appearance of four emperors in one year is spectacular in itself. A.D. 69 is, however, important as well as dramatic. It marks the watershed between the first and second imperial dynasties and the passing of an old order. The Long Year also reveals the strengths and weaknesses of the empire. The Senate, which had long been living on the past glory of its republican days, proved petty and ineffectual in the hour of crisis; while, ironically, the battles between rival Roman armies only enhanced their endurance. The military efficiency of the empire was not impaired by the civil war within; and its political structure was reaffirmed. Exceptional years invite exceptional scrutiny, of everyday life as well as the deeds of the great. It is fortunate for us that the events of the Long Year were recorded in colourful and cunning detail by one of the greatest historians of all time, Tacitus. Mr. Wellesley draws skilfully on his famous source but by no means exclusively or uncritically.</subfield>
      </datafield>
      <datafield tag="520" ind1=" " ind2=" ">
         <subfield code="a">His own interpretation of the motives and characters of the chief contestants and of the much debated battles of Cremona will appeal to the classical student and scholar; but we can all enjoy his elegant, imaginative retelling of an exciting story now nineteen hundred years old. (Book jacket).</subfield>
      </datafield>
      <datafield tag="500" ind1=" " ind2=" ">
         <subfield code="a">ISAW copy is from the library of F. Gordon Frost.</subfield>
         <subfield code="5">NyNyUAW</subfield>
      </datafield>
      <datafield tag="600" ind1="1" ind2="0">
         <subfield code="a">Galba, Servius Sulpicius,</subfield>
         <subfield code="c">Emperor of Rome,</subfield>
         <subfield code="d">3 B.C.-69 A.D.</subfield>
      </datafield>
      <datafield tag="600" ind1="1" ind2="0">
         <subfield code="a">Otho, Marcus Salvius,</subfield>
         <subfield code="c">Emperor of Rome,</subfield>
         <subfield code="d">32-69.</subfield>
      </datafield>
      <datafield tag="600" ind1="1" ind2="0">
         <subfield code="a">Vitellius, Aulus,</subfield>
         <subfield code="c">Emperor of Rome,</subfield>
         <subfield code="d">15-69.</subfield>
      </datafield>
      <datafield tag="600" ind1="0" ind2="0">
         <subfield code="a">Vespasian,</subfield>
         <subfield code="c">Emperor of Rome,</subfield>
         <subfield code="d">9-79.</subfield>
      </datafield>
      <datafield tag="651" ind1=" " ind2="0">
         <subfield code="a">Rome</subfield>
         <subfield code="x">History</subfield>
         <subfield code="y">Civil War, 68-69.</subfield>
      </datafield>
      <datafield tag="651" ind1=" " ind2="7">
         <subfield code="a">Roma.</subfield>
         <subfield code="2">pleiades</subfield>
         <subfield code="0">https://pleiades.stoa.org/places/423025</subfield>
         <subfield code="5">NyNyUAW</subfield>
      </datafield>
      <datafield tag="600" ind1="1" ind2="7">
         <subfield code="a">Galba, Servius Sulpicius,</subfield>
         <subfield code="c">Emperor of Rome,</subfield>
         <subfield code="d">3 B.C.-69 A.D.</subfield>
         <subfield code="2">fast</subfield>
         <subfield code="0">(OCoLC)fst00004818</subfield>
      </datafield>
      <datafield tag="600" ind1="1" ind2="7">
         <subfield code="a">Otho, Marcus Salvius,</subfield>
         <subfield code="c">Emperor of Rome,</subfield>
         <subfield code="d">32-69.</subfield>
         <subfield code="2">fast</subfield>
         <subfield code="0">(OCoLC)fst00016864</subfield>
      </datafield>
      <datafield tag="600" ind1="0" ind2="7">
         <subfield code="a">Vespasian,</subfield>
         <subfield code="c">Emperor of Rome,</subfield>
         <subfield code="d">9-79.</subfield>
         <subfield code="2">fast</subfield>
         <subfield code="0">(OCoLC)fst00004309</subfield>
      </datafield>
      <datafield tag="600" ind1="1" ind2="7">
         <subfield code="a">Vitellius, Aulus,</subfield>
         <subfield code="c">Emperor of Rome,</subfield>
         <subfield code="d">15-69.</subfield>
         <subfield code="2">fast</subfield>
         <subfield code="0">(OCoLC)fst00004130</subfield>
      </datafield>
      <datafield tag="611" ind1="2" ind2="7">
         <subfield code="a">Civil War (Rome : 68-69)</subfield>
         <subfield code="2">fast</subfield>
         <subfield code="0">(OCoLC)fst01352315</subfield>
      </datafield>
      <datafield tag="651" ind1=" " ind2="7">
         <subfield code="a">Rome (Empire)</subfield>
         <subfield code="2">fast</subfield>
         <subfield code="0">(OCoLC)fst01204885</subfield>
      </datafield>
      <datafield tag="700" ind1="1" ind2=" ">
         <subfield code="a">Frost, Gordon,</subfield>
         <subfield code="d">1935-2011,</subfield>
         <subfield code="e">former owner.</subfield>
         <subfield code="5">NyNyUAW</subfield>
      </datafield>
      <datafield tag="740" ind1="0" ind2=" ">
         <subfield code="a">Frost Numismatic Library.</subfield>
         <subfield code="5">NyNyUAW</subfield>
      </datafield>
      <datafield tag="776" ind1="0" ind2="8">
         <subfield code="i">Online version:</subfield>
         <subfield code="a">Wellesley, Kenneth.</subfield>
         <subfield code="t">Long year, A.D. 69.</subfield>
         <subfield code="d">Boulder, Colo. : Westview Press, 1976, ©1975</subfield>
         <subfield code="w">(OCoLC)567767875</subfield>
      </datafield>
      <datafield tag="OWN" ind1=" " ind2=" ">
         <subfield code="a">GENERAL</subfield>
      </datafield>
      <datafield tag="AVA" ind1=" " ind2=" ">
         <subfield code="a">NYU50</subfield>
         <subfield code="b">NISAW</subfield>
         <subfield code="c">Small Collection</subfield>
         <subfield code="d">DG286 .W44 1976 Non-circulating</subfield>
         <subfield code="e">available</subfield>
         <subfield code="t">Available</subfield>
         <subfield code="f">1</subfield>
         <subfield code="g">0</subfield>
         <subfield code="h">N</subfield>
         <subfield code="i">0</subfield>
         <subfield code="j">SMALL</subfield>
         <subfield code="k">0</subfield>
      </datafield>
      <marc:datafield tag="852" ind1=" " ind2=" ">
         <marc:subfield code="b">Institute for the Study of the Ancient World, </marc:subfield>
         <marc:subfield code="c">Small Collection</marc:subfield>
         <marc:subfield code="e">15 East 84th St., </marc:subfield>
         <marc:subfield code="e">New York, NY  10028</marc:subfield>
      </marc:datafield>
   </record>