
  
  
  
  
  
  
  
  
  
  
  
 
  
  <record xsi:schemaLocation="http://www.loc.gov/MARC21/slim http://www.loc.gov/standards/marcxml/schema/MARC21slim.xsd">
      <leader>00000cam a22     4a 4500</leader>
      <controlfield tag="FMT">BK</controlfield>
      <controlfield tag="LDR">00000cam a22     4a 4500</controlfield>
      <controlfield tag="001">005936926</controlfield>
      <controlfield tag="005">20180122124805.0</controlfield>
      <controlfield tag="008">180116s1995    it       b    101 0 eng</controlfield>
      <datafield tag="010" ind1=" " ind2=" ">
         <subfield code="a">2005619016</subfield>
      </datafield>
      <datafield tag="020" ind1=" " ind2=" ">
         <subfield code="a">8872103088</subfield>
      </datafield>
      <datafield tag="020" ind1=" " ind2=" ">
         <subfield code="a">9788872103081</subfield>
      </datafield>
      <datafield tag="035" ind1=" " ind2=" ">
         <subfield code="a">(OCoLC)34062945</subfield>
      </datafield>
      <datafield tag="040" ind1=" " ind2=" ">
         <subfield code="a">DLC</subfield>
         <subfield code="b">eng</subfield>
         <subfield code="c">DLC</subfield>
         <subfield code="d">BJO</subfield>
         <subfield code="d">C3L</subfield>
         <subfield code="d">RSC</subfield>
         <subfield code="d">MUQ</subfield>
         <subfield code="d">HLS</subfield>
         <subfield code="d">NLGGC</subfield>
         <subfield code="d">BTCTA</subfield>
         <subfield code="d">YDXCP</subfield>
         <subfield code="d">OCLCQ</subfield>
         <subfield code="d">DEBSZ</subfield>
         <subfield code="d">ZWZ</subfield>
         <subfield code="d">EUM</subfield>
         <subfield code="d">OCLCO</subfield>
         <subfield code="d">OCLCA</subfield>
         <subfield code="d">OCLCQ</subfield>
         <subfield code="d">OCLCF</subfield>
         <subfield code="d">CNUTO</subfield>
         <subfield code="d">ZYU</subfield>
      </datafield>
      <datafield tag="041" ind1="0" ind2=" ">
         <subfield code="a">eng</subfield>
         <subfield code="a">fre</subfield>
         <subfield code="a">ger</subfield>
         <subfield code="a">ita</subfield>
         <subfield code="a">grc</subfield>
         <subfield code="a">lat</subfield>
         <subfield code="b">eng</subfield>
      </datafield>
      <datafield tag="042" ind1=" " ind2=" ">
         <subfield code="a">pcc</subfield>
      </datafield>
      <datafield tag="043" ind1=" " ind2=" ">
         <subfield code="a">e-it---</subfield>
      </datafield>
      <datafield tag="045" ind1=" " ind2=" ">
         <subfield code="a">j0n9</subfield>
      </datafield>
      <datafield tag="050" ind1=" " ind2="4">
         <subfield code="a">KBR237.A5</subfield>
         <subfield code="b">C68 1995</subfield>
      </datafield>
      <datafield tag="050" ind1="0" ind2="0">
         <subfield code="a">KBR260.29</subfield>
         <subfield code="b">.C68 1995</subfield>
      </datafield>
      <datafield tag="055" ind1=" " ind2="3">
         <subfield code="a">BX100.5</subfield>
         <subfield code="b">.C68 1995</subfield>
      </datafield>
      <datafield tag="079" ind1=" " ind2=" ">
         <subfield code="a">(OCoLC)34062945</subfield>
      </datafield>
      <datafield tag="082" ind1="0" ind2=" ">
         <subfield code="a">262</subfield>
      </datafield>
      <datafield tag="084" ind1=" " ind2=" ">
         <subfield code="a">11.52</subfield>
         <subfield code="2">bcl</subfield>
      </datafield>
      <datafield tag="245" ind1="0" ind2="4">
         <subfield code="a">The Council in Trullo revisited /</subfield>
         <subfield code="c">edited by George Nedungatt, Michael Featherstone.</subfield>
      </datafield>
      <datafield tag="260" ind1=" " ind2=" ">
         <subfield code="a">Roma :</subfield>
         <subfield code="b">Pontificio istituto orientale,</subfield>
         <subfield code="c">1995.</subfield>
      </datafield>
      <datafield tag="300" ind1=" " ind2=" ">
         <subfield code="a">466 pages ;</subfield>
         <subfield code="c">24 cm.</subfield>
      </datafield>
      <datafield tag="336" ind1=" " ind2=" ">
         <subfield code="a">text</subfield>
         <subfield code="b">txt</subfield>
         <subfield code="2">rdacontent</subfield>
      </datafield>
      <datafield tag="337" ind1=" " ind2=" ">
         <subfield code="a">unmediated</subfield>
         <subfield code="b">n</subfield>
         <subfield code="2">rdamedia</subfield>
      </datafield>
      <datafield tag="338" ind1=" " ind2=" ">
         <subfield code="a">volume</subfield>
         <subfield code="b">nc</subfield>
         <subfield code="2">rdacarrier</subfield>
      </datafield>
      <datafield tag="490" ind1="1" ind2=" ">
         <subfield code="a">Kanonika ;</subfield>
         <subfield code="v">6</subfield>
      </datafield>
      <datafield tag="546" ind1=" " ind2=" ">
         <subfield code="a">English, French, German, Greek, Italian, and Latin, with summaries in English; also includes the canons of the council in Greek, Latin, and English.</subfield>
      </datafield>
      <datafield tag="500" ind1=" " ind2=" ">
         <subfield code="a">Proceedings of a symposium held in Rome, Dec. 3-6, 1992, sponsored by the Faculty of Canon Law of the Pontifical Oriental Institute.</subfield>
      </datafield>
      <datafield tag="504" ind1=" " ind2=" ">
         <subfield code="a">Includes bibliographical references and index.</subfield>
      </datafield>
      <datafield tag="505" ind1="0" ind2="0">
         <subfield code="t">Introduzione /</subfield>
         <subfield code="r">Vittorio Peri --</subfield>
         <subfield code="t">The canons of the Council in Trullo --</subfield>
         <subfield code="t">The canons of the Trullan Council in the Novels of Leo VI /</subfield>
         <subfield code="r">Spyros N. Troianos --</subfield>
         <subfield code="t">Le chiese nell'Impero e le chiese "tra i Barbari" /</subfield>
         <subfield code="r">Vittorio Peri --</subfield>
         <subfield code="t">Überlieferung und Bedeutung der Kanones des Trullanischen Konzils im westlichen kanonischen Recht /</subfield>
         <subfield code="r">Peter Landau --</subfield>
         <subfield code="t">The ecumenicity of the Council in Trullo: Witness of the canonical tradition in East and West /</subfield>
         <subfield code="r">Nicolae Dură --</subfield>
         <subfield code="t">Clergé marié et célibat dans la législation du Concile in Trullo: le point de vue oriental /</subfield>
         <subfield code="r">Constantin G. Pitsakis --</subfield>
         <subfield code="t">Die sogenannten "antirömischen Kanones" des Concilium Quinisextum (692) /</subfield>
         <subfield code="r">Heinz Ohme --</subfield>
         <subfield code="t">Le discours du Catholicos Sahak III en 691 et quelques documents arméniens annexes au Quinisexte /</subfield>
         <subfield code="r">Michael van Esbroeck.</subfield>
      </datafield>
      <datafield tag="500" ind1=" " ind2=" ">
         <subfield code="a">ISAW copy is from the library of Nina Garsoïan.</subfield>
         <subfield code="5">NyNyUAW</subfield>
      </datafield>
      <datafield tag="611" ind1="2" ind2="0">
         <subfield code="a">Quinisext Synod</subfield>
         <subfield code="d">(692 :</subfield>
         <subfield code="c">Constantinople)</subfield>
      </datafield>
      <datafield tag="651" ind1=" " ind2="7">
         <subfield code="a">Constantinopolis.</subfield>
         <subfield code="2">pleiades</subfield>
         <subfield code="0">https://pleiades.stoa.org/places/520998</subfield>
         <subfield code="5">NyNyUAW</subfield>
      </datafield>
      <datafield tag="611" ind1="2" ind2="4">
         <subfield code="a">Council of Trullo</subfield>
         <subfield code="d">(692)</subfield>
      </datafield>
      <datafield tag="611" ind1="2" ind2="6">
         <subfield code="a">Concile Quinisexte</subfield>
         <subfield code="d">(692 :</subfield>
         <subfield code="c">Constantinople)</subfield>
         <subfield code="v">Congrès.</subfield>
      </datafield>
      <datafield tag="611" ind1="2" ind2="7">
         <subfield code="a">Concile de Constantinople</subfield>
         <subfield code="n">(3 :</subfield>
         <subfield code="d">0680)</subfield>
         <subfield code="2">ram</subfield>
      </datafield>
      <datafield tag="611" ind1="2" ind2="7">
         <subfield code="a">Quinisext Synod.</subfield>
         <subfield code="2">fast</subfield>
         <subfield code="0">(OCoLC)fst01407825</subfield>
      </datafield>
      <datafield tag="650" ind1=" " ind2="0">
         <subfield code="a">Canon law</subfield>
         <subfield code="x">Oriental Catholic churches</subfield>
         <subfield code="v">Sources</subfield>
         <subfield code="v">Congresses.</subfield>
      </datafield>
      <datafield tag="650" ind1=" " ind2="0">
         <subfield code="a">Councils and synods (Canon law)</subfield>
         <subfield code="x">History</subfield>
         <subfield code="v">Congresses.</subfield>
      </datafield>
      <datafield tag="650" ind1=" " ind2="0">
         <subfield code="a">Councils and synods, Ecumenical</subfield>
         <subfield code="x">History</subfield>
         <subfield code="v">Congresses.</subfield>
      </datafield>
      <datafield tag="650" ind1=" " ind2="6">
         <subfield code="a">Conciles et synodes</subfield>
         <subfield code="z">Empire byzantin</subfield>
         <subfield code="x">Histoire</subfield>
         <subfield code="v">Congrès.</subfield>
      </datafield>
      <datafield tag="650" ind1="1" ind2="7">
         <subfield code="a">Concilie van Constantinopel (692)</subfield>
         <subfield code="2">gtt</subfield>
      </datafield>
      <datafield tag="650" ind1=" " ind2="7">
         <subfield code="a">Canon law</subfield>
         <subfield code="x">Oriental Catholic churches.</subfield>
         <subfield code="2">fast</subfield>
         <subfield code="0">(OCoLC)fst00845924</subfield>
      </datafield>
      <datafield tag="650" ind1=" " ind2="7">
         <subfield code="a">Councils and synods (Canon law)</subfield>
         <subfield code="2">fast</subfield>
         <subfield code="0">(OCoLC)fst00881194</subfield>
      </datafield>
      <datafield tag="650" ind1=" " ind2="7">
         <subfield code="a">Councils and synods, Ecumenical.</subfield>
         <subfield code="2">fast</subfield>
         <subfield code="0">(OCoLC)fst00881202</subfield>
      </datafield>
      <datafield tag="655" ind1=" " ind2="7">
         <subfield code="a">Conference papers and proceedings.</subfield>
         <subfield code="2">fast</subfield>
         <subfield code="0">(OCoLC)fst01423772</subfield>
      </datafield>
      <datafield tag="655" ind1=" " ind2="7">
         <subfield code="a">History.</subfield>
         <subfield code="2">fast</subfield>
         <subfield code="0">(OCoLC)fst01411628</subfield>
      </datafield>
      <datafield tag="700" ind1="1" ind2=" ">
         <subfield code="a">Neṭuṅṅāṭṭȧ, Jōrjj Ji.</subfield>
      </datafield>
      <datafield tag="700" ind1="1" ind2=" ">
         <subfield code="a">Featherstone, Michael.</subfield>
      </datafield>
      <datafield tag="710" ind1="2" ind2=" ">
         <subfield code="a">Pontificium Institutum Orientalium Studiorum.</subfield>
      </datafield>
      <datafield tag="711" ind1="2" ind2=" ">
         <subfield code="a">Quinisext Synod</subfield>
         <subfield code="d">(692 :</subfield>
         <subfield code="c">Constantinople)</subfield>
      </datafield>
      <datafield tag="700" ind1="1" ind2=" ">
         <subfield code="a">Garsoïan, Nina G.,</subfield>
         <subfield code="d">1923-</subfield>
         <subfield code="e">former owner.</subfield>
         <subfield code="5">NyNyUAW</subfield>
      </datafield>
      <datafield tag="740" ind1="0" ind2=" ">
         <subfield code="a">Garsoïan Collection.</subfield>
         <subfield code="5">NyNyUAW</subfield>
      </datafield>
      <datafield tag="830" ind1=" " ind2="0">
         <subfield code="a">Kanonika ;</subfield>
         <subfield code="v">6.</subfield>
      </datafield>
      <datafield tag="OWN" ind1=" " ind2=" ">
         <subfield code="a">GENERAL</subfield>
      </datafield>
      <datafield tag="AVA" ind1=" " ind2=" ">
         <subfield code="a">NYU50</subfield>
         <subfield code="b">NISAW</subfield>
         <subfield code="c">Small Collection</subfield>
         <subfield code="d">KBR237.A5 C68 1995 Non-circulating</subfield>
         <subfield code="e">available</subfield>
         <subfield code="t">Available</subfield>
         <subfield code="f">1</subfield>
         <subfield code="g">0</subfield>
         <subfield code="h">N</subfield>
         <subfield code="i">0</subfield>
         <subfield code="j">SMALL</subfield>
         <subfield code="k">0</subfield>
      </datafield>
      <marc:datafield tag="852" ind1=" " ind2=" ">
         <marc:subfield code="b">Institute for the Study of the Ancient World, </marc:subfield>
         <marc:subfield code="c">Small Collection</marc:subfield>
         <marc:subfield code="e">15 East 84th St., </marc:subfield>
         <marc:subfield code="e">New York, NY  10028</marc:subfield>
      </marc:datafield>
   </record>