
  
  
  
  
  
  
  
  
  
  
  
  
 
  
  <record xsi:schemaLocation="http://www.loc.gov/MARC21/slim http://www.loc.gov/standards/marcxml/schema/MARC21slim.xsd">
      <leader>00000cam a22      i 4500</leader>
      <controlfield tag="FMT">BK</controlfield>
      <controlfield tag="LDR">00000cam a22      i 4500</controlfield>
      <controlfield tag="001">005937253</controlfield>
      <controlfield tag="005">20180122100204.0</controlfield>
      <controlfield tag="008">180117s2015    tu abe   b    100 0 tur d</controlfield>
      <datafield tag="010" ind1=" " ind2=" ">
         <subfield code="a">2015346927</subfield>
      </datafield>
      <datafield tag="020" ind1=" " ind2=" ">
         <subfield code="z">9786055607742</subfield>
      </datafield>
      <datafield tag="035" ind1=" " ind2=" ">
         <subfield code="a">(OCoLC)919634379</subfield>
      </datafield>
      <datafield tag="040" ind1=" " ind2=" ">
         <subfield code="a">PAU</subfield>
         <subfield code="b">eng</subfield>
         <subfield code="e">rda</subfield>
         <subfield code="c">DLC</subfield>
         <subfield code="d">PAU</subfield>
         <subfield code="d">YDXCP</subfield>
         <subfield code="d">YDX</subfield>
         <subfield code="d">OCLCQ</subfield>
         <subfield code="d">STF</subfield>
         <subfield code="d">ZYU</subfield>
      </datafield>
      <datafield tag="041" ind1="0" ind2=" ">
         <subfield code="a">tur</subfield>
         <subfield code="a">ger</subfield>
         <subfield code="a">eng</subfield>
      </datafield>
      <datafield tag="042" ind1=" " ind2=" ">
         <subfield code="a">lccopycat</subfield>
         <subfield code="a">lcode</subfield>
      </datafield>
      <datafield tag="043" ind1=" " ind2=" ">
         <subfield code="a">a-tu---</subfield>
      </datafield>
      <datafield tag="050" ind1=" " ind2="4">
         <subfield code="a">DS156.P35</subfield>
         <subfield code="b">P35 v.7:pt.1</subfield>
      </datafield>
      <datafield tag="050" ind1="0" ind2="0">
         <subfield code="a">DS156.P35</subfield>
         <subfield code="b">K86 2013</subfield>
      </datafield>
      <datafield tag="079" ind1=" " ind2=" ">
         <subfield code="a">(OCoLC)919634379</subfield>
      </datafield>
      <datafield tag="082" ind1="0" ind2="4">
         <subfield code="a">939/.28</subfield>
         <subfield code="2">23</subfield>
      </datafield>
      <datafield tag="245" ind1="0" ind2="0">
         <subfield code="a">Kum'dan kent'e :</subfield>
         <subfield code="b">Patara kazılarının 25 yılı : uluslararası sempozyum bildirileri, 11-13 Kasım 2013 Antalya = From sand into a city : 25 years of Patara excavations : proceedings of the international symposium of 11-13 November 2013 Antalya /</subfield>
         <subfield code="c">[hazırlayanlar] Havva İşkan, Fahri Işık.</subfield>
      </datafield>
      <datafield tag="246" ind1="3" ind2=" ">
         <subfield code="a">Patara kazılarının 25 yılı</subfield>
      </datafield>
      <datafield tag="246" ind1="3" ind2=" ">
         <subfield code="a">Uluslararası sempozyum bildirileri, 11-13 Kasım 2013 Antalya</subfield>
      </datafield>
      <datafield tag="246" ind1="1" ind2="1">
         <subfield code="a">From sand into a city</subfield>
      </datafield>
      <datafield tag="246" ind1="3" ind2=" ">
         <subfield code="a">25 years of Patara excavations</subfield>
      </datafield>
      <datafield tag="246" ind1="3" ind2=" ">
         <subfield code="a">Proceedings of the international symposium of 11-13 November 2013 Antalya</subfield>
      </datafield>
      <datafield tag="264" ind1=" " ind2="1">
         <subfield code="a">İstanbul :</subfield>
         <subfield code="b">Ege Yayınları,</subfield>
         <subfield code="c">2015.</subfield>
      </datafield>
      <datafield tag="300" ind1=" " ind2=" ">
         <subfield code="a">[xviii], 640 pages :</subfield>
         <subfield code="b">illustrations, maps, plans ;</subfield>
         <subfield code="c">31 cm.</subfield>
      </datafield>
      <datafield tag="336" ind1=" " ind2=" ">
         <subfield code="a">text</subfield>
         <subfield code="b">txt</subfield>
         <subfield code="2">rdacontent</subfield>
      </datafield>
      <datafield tag="337" ind1=" " ind2=" ">
         <subfield code="a">unmediated</subfield>
         <subfield code="b">n</subfield>
         <subfield code="2">rdamedia</subfield>
      </datafield>
      <datafield tag="338" ind1=" " ind2=" ">
         <subfield code="a">volume</subfield>
         <subfield code="b">nc</subfield>
         <subfield code="2">rdacarrier</subfield>
      </datafield>
      <datafield tag="490" ind1="1" ind2=" ">
         <subfield code="a">Patara ;</subfield>
         <subfield code="v">7.1</subfield>
      </datafield>
      <datafield tag="504" ind1=" " ind2=" ">
         <subfield code="a">Includes bibliographical references.</subfield>
      </datafield>
      <datafield tag="546" ind1=" " ind2=" ">
         <subfield code="a">Articles in Turkish, German and English.</subfield>
      </datafield>
      <datafield tag="520" ind1="8" ind2=" ">
         <subfield code="a">From the contents:00Iskan, Havva - Fahri Isik / Önsöz0Iskan, Havva / 1988 - 2013: Patara Kazilarinin 25 Yili0Aksoy, Belgin / Lykia#x92;nin Erken Dönemlerine Ait Bir Anahtar Yerlesim: Çaltilar Höyük ve Çevresi0Aktas, Sevket / Patara Kücük Hamam: Kazi Öncesi Düsünceler0Bachmann, Martin / Oinoanda: Forschungen in der Stadt des Diogenes0Baykan, N. Orhan #x96; Nesrin Baykan #x96; Seyhun Türk / Likya Bölgesi Eskil Yerlesimlerinin Su Mühendisligi Dizgeleri0Becks, Ralf / Patara in the Bronze Age - An Evaluation of the Archaeological and Historical Evidence0Bulut, Suleyman / Lykia#x92;da Aricilik: Seren ve Çevre Duvarli Ariliklar Isiginda Antik Gelenegi Arayis0Demirtas, M. Baki / Karia-Ionia Tipi Kurtagzi Kanca: Letoon, Leto Tapinagi Örnekleri0Diler, Adnan / Genel Hatlari ile Lykia ve Karia Iliskileri Üzerine Bazi Notlar0Doku, F. Eray / Olu Gömme Gelenekleri Isiginda Kabalis - Milyas - Lykia Iliskileri0Dundar, Erkan / The Ceramics from Patara: Investigations, Productions and Trade Past Studies - Future Projections0Engelmann, Helmut / Agonistische Inschriften von Patara0Erkoc, Serap / Liman Hamami 2010-2013 Yili Kazi Çalismalari0Erol, Ayla Sevim #x96; Alper Yener Yavuz / Patara Kazilarindan Ele Gecen Bir Grup Insan Iskeletinin Antropolojik Acidan Degerlendirilmesi0Ganzert, Joachim / Town and #x91;Meta-Town#x92;? Considerations on the Urban Development of Patara0Gercek, Ayca / Arykanda#x92;da Ölüm Nekropoller ve Ölü Gömme Adetleri0Gul, Melike / Patara Antik Kenti Koruma ve Planlama Süreci.</subfield>
      </datafield>
      <datafield tag="651" ind1=" " ind2="0">
         <subfield code="a">Patara (Extinct city)</subfield>
         <subfield code="v">Congresses.</subfield>
      </datafield>
      <datafield tag="651" ind1=" " ind2="0">
         <subfield code="a">Turkey</subfield>
         <subfield code="x">Antiquities</subfield>
         <subfield code="v">Congresses.</subfield>
      </datafield>
      <datafield tag="650" ind1=" " ind2="0">
         <subfield code="a">Excavations (Archaeology)</subfield>
         <subfield code="z">Turkey</subfield>
         <subfield code="z">Patara</subfield>
         <subfield code="v">Congresses.</subfield>
      </datafield>
      <datafield tag="650" ind1=" " ind2="0">
         <subfield code="a">Extinct cities</subfield>
         <subfield code="z">Turkey</subfield>
         <subfield code="v">Congresses.</subfield>
      </datafield>
      <datafield tag="651" ind1=" " ind2="7">
         <subfield code="a">Patara/Arsinoe.</subfield>
         <subfield code="2">pleiades</subfield>
         <subfield code="0">https://pleiades.stoa.org/places/639042</subfield>
      </datafield>
      <datafield tag="700" ind1="1" ind2=" ">
         <subfield code="a">İşkan, Havva,</subfield>
         <subfield code="e">editor.</subfield>
      </datafield>
      <datafield tag="700" ind1="1" ind2=" ">
         <subfield code="a">Işık, Fahri,</subfield>
         <subfield code="e">editor.</subfield>
      </datafield>
      <datafield tag="830" ind1=" " ind2="0">
         <subfield code="a">Patara (Series) ;</subfield>
         <subfield code="v">7, pt. 1.</subfield>
      </datafield>
      <datafield tag="OWN" ind1=" " ind2=" ">
         <subfield code="a">GENERAL</subfield>
      </datafield>
      <datafield tag="AVA" ind1=" " ind2=" ">
         <subfield code="a">NYU50</subfield>
         <subfield code="b">NISAW</subfield>
         <subfield code="c">Oversize Collection</subfield>
         <subfield code="d">DS156.P35 P35 v.7:pt.1 2015 Non-circulating</subfield>
         <subfield code="e">available</subfield>
         <subfield code="t">Available</subfield>
         <subfield code="f">1</subfield>
         <subfield code="g">0</subfield>
         <subfield code="h">N</subfield>
         <subfield code="i">0</subfield>
         <subfield code="j">OVERZ</subfield>
         <subfield code="k">0</subfield>
      </datafield>
      <marc:datafield tag="852" ind1=" " ind2=" ">
         <marc:subfield code="b">Institute for the Study of the Ancient World, </marc:subfield>
         <marc:subfield code="c">Oversize Collection</marc:subfield>
         <marc:subfield code="e">15 East 84th St., </marc:subfield>
         <marc:subfield code="e">New York, NY  10028</marc:subfield>
      </marc:datafield>
   </record>