
  
  
  
  
  
  
  
  
  
  
 
  
  <record xsi:schemaLocation="http://www.loc.gov/MARC21/slim http://www.loc.gov/standards/marcxml/schema/MARC21slim.xsd">
      <leader>00000cam a22     4a 4500</leader>
      <controlfield tag="FMT">BK</controlfield>
      <controlfield tag="LDR">00000cam a22     4a 4500</controlfield>
      <controlfield tag="001">005937213</controlfield>
      <controlfield tag="005">20180122111300.0</controlfield>
      <controlfield tag="008">180117s1998    fr h     bc   001 0 fre c</controlfield>
      <datafield tag="020" ind1=" " ind2=" ">
         <subfield code="a">2717720502</subfield>
      </datafield>
      <datafield tag="020" ind1=" " ind2=" ">
         <subfield code="a">9782717720501</subfield>
      </datafield>
      <datafield tag="035" ind1=" " ind2=" ">
         <subfield code="a">(OCoLC)40742499</subfield>
         <subfield code="z">(OCoLC)1008023139</subfield>
      </datafield>
      <datafield tag="040" ind1=" " ind2=" ">
         <subfield code="a">CGU</subfield>
         <subfield code="b">eng</subfield>
         <subfield code="c">CGU</subfield>
         <subfield code="d">TZT</subfield>
         <subfield code="d">OCLCQ</subfield>
         <subfield code="d">NLGGC</subfield>
         <subfield code="d">LVB</subfield>
         <subfield code="d">ZWZ</subfield>
         <subfield code="d">GEBAY</subfield>
         <subfield code="d">YUS</subfield>
         <subfield code="d">DEBBG</subfield>
         <subfield code="d">OCLCQ</subfield>
         <subfield code="d">OCLCF</subfield>
         <subfield code="d">OCLCQ</subfield>
         <subfield code="d">OCLCO</subfield>
         <subfield code="d">OCLCQ</subfield>
         <subfield code="d">AVA</subfield>
         <subfield code="d">OCLCO</subfield>
         <subfield code="d">NNU</subfield>
      </datafield>
      <datafield tag="041" ind1="0" ind2=" ">
         <subfield code="a">fre</subfield>
         <subfield code="a">arm</subfield>
      </datafield>
      <datafield tag="042" ind1=" " ind2=" ">
         <subfield code="a">pcc</subfield>
      </datafield>
      <datafield tag="043" ind1=" " ind2=" ">
         <subfield code="a">e-fr---</subfield>
      </datafield>
      <datafield tag="050" ind1=" " ind2="4">
         <subfield code="a">Z6605.A7</subfield>
         <subfield code="b">K49 1998</subfield>
      </datafield>
      <datafield tag="072" ind1=" " ind2="7">
         <subfield code="a">Z</subfield>
         <subfield code="2">lcco</subfield>
      </datafield>
      <datafield tag="079" ind1=" " ind2=" ">
         <subfield code="a">(OCoLC)40742499</subfield>
      </datafield>
      <datafield tag="082" ind1="1" ind2="4">
         <subfield code="a">090</subfield>
      </datafield>
      <datafield tag="084" ind1=" " ind2=" ">
         <subfield code="a">06.14</subfield>
         <subfield code="2">bcl</subfield>
      </datafield>
      <datafield tag="084" ind1=" " ind2=" ">
         <subfield code="a">6,12</subfield>
         <subfield code="2">ssgn</subfield>
      </datafield>
      <datafield tag="084" ind1=" " ind2=" ">
         <subfield code="a">AM 86026</subfield>
         <subfield code="2">rvk</subfield>
      </datafield>
      <datafield tag="100" ind1="1" ind2=" ">
         <subfield code="a">Kévorkian, Raymond H.</subfield>
      </datafield>
      <datafield tag="245" ind1="1" ind2="0">
         <subfield code="a">Manuscrits arméniens de la Bibliothèque nationale de france :</subfield>
         <subfield code="b">catalogue /</subfield>
         <subfield code="c">Raymond H. Kévorkian, Armèn Ter-Stépanian ; avec le concours de Bernard Outtier et de Guévorg Ter-Vardanian.</subfield>
      </datafield>
      <datafield tag="260" ind1=" " ind2=" ">
         <subfield code="a">Paris :</subfield>
         <subfield code="b">Bibliothèque nationale de France, Fondation Calouste Gulbenkian,</subfield>
         <subfield code="c">1998.</subfield>
      </datafield>
      <datafield tag="300" ind1=" " ind2=" ">
         <subfield code="a">xxxvi pages, 1071 columns :</subfield>
         <subfield code="b">facsimiles ;</subfield>
         <subfield code="c">31 cm</subfield>
      </datafield>
      <datafield tag="336" ind1=" " ind2=" ">
         <subfield code="a">text</subfield>
         <subfield code="b">txt</subfield>
         <subfield code="2">rdacontent</subfield>
      </datafield>
      <datafield tag="337" ind1=" " ind2=" ">
         <subfield code="a">unmediated</subfield>
         <subfield code="b">n</subfield>
         <subfield code="2">rdamedia</subfield>
      </datafield>
      <datafield tag="338" ind1=" " ind2=" ">
         <subfield code="a">volume</subfield>
         <subfield code="b">nc</subfield>
         <subfield code="2">rdacarrier</subfield>
      </datafield>
      <datafield tag="546" ind1=" " ind2=" ">
         <subfield code="a">French and Armenian</subfield>
      </datafield>
      <datafield tag="504" ind1=" " ind2=" ">
         <subfield code="a">Includes bibliographical references and indexes.</subfield>
      </datafield>
      <datafield tag="500" ind1=" " ind2=" ">
         <subfield code="a">ISAW copy is from the library of Nina Garsoïan.</subfield>
         <subfield code="5">NyNyUAW</subfield>
      </datafield>
      <datafield tag="650" ind1=" " ind2="0">
         <subfield code="a">Manuscripts, Armenian</subfield>
         <subfield code="z">France</subfield>
         <subfield code="v">Catalogs.</subfield>
      </datafield>
      <datafield tag="610" ind1="2" ind2="0">
         <subfield code="a">Bibliothèque nationale de France</subfield>
         <subfield code="v">Catalogs.</subfield>
      </datafield>
      <datafield tag="610" ind1="2" ind2="6">
         <subfield code="a">Bibliothèque nationale de France</subfield>
         <subfield code="v">Catalogues.</subfield>
      </datafield>
      <datafield tag="650" ind1=" " ind2="6">
         <subfield code="a">Manuscrits arméniens</subfield>
         <subfield code="z">France</subfield>
         <subfield code="v">Catalogues.</subfield>
      </datafield>
      <datafield tag="651" ind1=" " ind2="7">
         <subfield code="a">Armenia.</subfield>
         <subfield code="2">pleiades</subfield>
         <subfield code="0">https://pleiades.stoa.org/places/874350</subfield>
         <subfield code="5">NyNyUAW</subfield>
      </datafield>
      <datafield tag="610" ind1="2" ind2="7">
         <subfield code="a">Bibliothèque nationale de France.</subfield>
         <subfield code="2">fast</subfield>
         <subfield code="0">(OCoLC)fst00707555</subfield>
      </datafield>
      <datafield tag="650" ind1=" " ind2="7">
         <subfield code="a">Manuscripts, Armenian.</subfield>
         <subfield code="2">fast</subfield>
         <subfield code="0">(OCoLC)fst01008290</subfield>
      </datafield>
      <datafield tag="651" ind1=" " ind2="7">
         <subfield code="a">France.</subfield>
         <subfield code="2">fast</subfield>
         <subfield code="0">(OCoLC)fst01204289</subfield>
      </datafield>
      <datafield tag="610" ind1="2" ind2="7">
         <subfield code="a">Bibliothèque Nationale de France.</subfield>
         <subfield code="2">gnd</subfield>
         <subfield code="0">(DE-588)5156217-0</subfield>
      </datafield>
      <datafield tag="650" ind1=" " ind2="7">
         <subfield code="a">Armenisch.</subfield>
         <subfield code="2">gnd</subfield>
         <subfield code="0">(DE-588)4120142-5</subfield>
      </datafield>
      <datafield tag="650" ind1=" " ind2="7">
         <subfield code="a">Buchmalerei.</subfield>
         <subfield code="2">gnd</subfield>
         <subfield code="0">(DE-588)4008650-1</subfield>
      </datafield>
      <datafield tag="650" ind1=" " ind2="7">
         <subfield code="a">Handschrift.</subfield>
         <subfield code="2">gnd</subfield>
         <subfield code="0">(DE-588)4023287-6</subfield>
      </datafield>
      <datafield tag="650" ind1=" " ind2="7">
         <subfield code="a">Katalog.</subfield>
         <subfield code="2">gnd</subfield>
         <subfield code="0">(DE-588)4163417-2</subfield>
      </datafield>
      <datafield tag="651" ind1=" " ind2="7">
         <subfield code="a">Armenien.</subfield>
         <subfield code="2">gnd</subfield>
         <subfield code="0">(DE-588)4085931-9</subfield>
      </datafield>
      <datafield tag="610" ind1="2" ind2="7">
         <subfield code="a">Bibliothèque nationale de France.</subfield>
         <subfield code="b">Département des manuscrits</subfield>
         <subfield code="x">Catalogues.</subfield>
         <subfield code="2">ram</subfield>
      </datafield>
      <datafield tag="650" ind1=" " ind2="7">
         <subfield code="a">Manuscrits arméniens</subfield>
         <subfield code="z">France</subfield>
         <subfield code="z">Paris (France)</subfield>
         <subfield code="x">Catalogues.</subfield>
         <subfield code="2">ram</subfield>
      </datafield>
      <datafield tag="653" ind1=" " ind2=" ">
         <subfield code="a">Armenian manuscripts</subfield>
         <subfield code="a">Library collection</subfield>
      </datafield>
      <datafield tag="655" ind1=" " ind2="7">
         <subfield code="a">Catalogs.</subfield>
         <subfield code="2">fast</subfield>
         <subfield code="0">(OCoLC)fst01423692</subfield>
      </datafield>
      <datafield tag="700" ind1="1" ind2=" ">
         <subfield code="a">Ter-Stepʻanian, A.</subfield>
      </datafield>
      <datafield tag="700" ind1="1" ind2=" ">
         <subfield code="a">Garsoïan, Nina G.,</subfield>
         <subfield code="d">1923-</subfield>
         <subfield code="e">former owner.</subfield>
         <subfield code="5">NyNyUAW</subfield>
      </datafield>
      <datafield tag="710" ind1="2" ind2=" ">
         <subfield code="a">Bibliothèque nationale de France.</subfield>
      </datafield>
      <datafield tag="740" ind1="0" ind2=" ">
         <subfield code="a">Garsoïan Collection.</subfield>
         <subfield code="5">NyNyUAW</subfield>
      </datafield>
      <datafield tag="856" ind1="4" ind2="1">
         <subfield code="3">Table of contents</subfield>
         <subfield code="u">http://bvbr.bib-bvb.de:8991/F?func=service&amp;doc_library=BVB01&amp;doc_number=008278321&amp;line_number=0001&amp;func_code=DB_RECORDS&amp;service_type=MEDIA</subfield>
      </datafield>
      <datafield tag="856" ind1="4" ind2="1">
         <subfield code="3">Table of contents</subfield>
         <subfield code="u">http://bvbr.bib-bvb.de:8991/F?func=service&amp;doc_library=BVB01&amp;local_base=BVB01&amp;doc_number=008278321&amp;line_number=0001&amp;func_code=DB_RECORDS&amp;service_type=MEDIA</subfield>
      </datafield>
      <datafield tag="OWN" ind1=" " ind2=" ">
         <subfield code="a">GENERAL</subfield>
      </datafield>
      <datafield tag="AVA" ind1=" " ind2=" ">
         <subfield code="a">NYU50</subfield>
         <subfield code="b">NISAW</subfield>
         <subfield code="c">Large Collection</subfield>
         <subfield code="d">Z6605.A7 K49 1998 Non-circulating</subfield>
         <subfield code="e">available</subfield>
         <subfield code="t">Available</subfield>
         <subfield code="f">1</subfield>
         <subfield code="g">0</subfield>
         <subfield code="h">N</subfield>
         <subfield code="i">0</subfield>
         <subfield code="j">LARGE</subfield>
         <subfield code="k">0</subfield>
      </datafield>
      <marc:datafield tag="852" ind1=" " ind2=" ">
         <marc:subfield code="b">Institute for the Study of the Ancient World, </marc:subfield>
         <marc:subfield code="c">Large Collection</marc:subfield>
         <marc:subfield code="e">15 East 84th St., </marc:subfield>
         <marc:subfield code="e">New York, NY  10028</marc:subfield>
      </marc:datafield>
   </record>