
  
  
  
  
  
  
  
  
  
  
 
  
  <record xsi:schemaLocation="http://www.loc.gov/MARC21/slim http://www.loc.gov/standards/marcxml/schema/MARC21slim.xsd">
      <leader>00000cam a22     Ii 4500</leader>
      <controlfield tag="FMT">BK</controlfield>
      <controlfield tag="LDR">00000cam a22     Ii 4500</controlfield>
      <controlfield tag="001">005971546</controlfield>
      <controlfield tag="005">20180126140207.0</controlfield>
      <controlfield tag="008">180123s2017    gw abf   b    000 0 eng d</controlfield>
      <datafield tag="020" ind1=" " ind2=" ">
         <subfield code="a">9783447107617</subfield>
      </datafield>
      <datafield tag="020" ind1=" " ind2=" ">
         <subfield code="a">3447107618</subfield>
      </datafield>
      <datafield tag="035" ind1=" " ind2=" ">
         <subfield code="a">(OCoLC)975488486</subfield>
         <subfield code="z">(OCoLC)975961783</subfield>
         <subfield code="z">(OCoLC)976086221</subfield>
         <subfield code="z">(OCoLC)976286647</subfield>
         <subfield code="z">(OCoLC)978409478</subfield>
         <subfield code="z">(OCoLC)978928456</subfield>
         <subfield code="z">(OCoLC)979001551</subfield>
         <subfield code="z">(OCoLC)979391149</subfield>
         <subfield code="z">(OCoLC)979439788</subfield>
      </datafield>
      <datafield tag="040" ind1=" " ind2=" ">
         <subfield code="a">BTCTA</subfield>
         <subfield code="b">eng</subfield>
         <subfield code="e">rda</subfield>
         <subfield code="c">BTCTA</subfield>
         <subfield code="d">ERASA</subfield>
         <subfield code="d">YDX</subfield>
         <subfield code="d">CGU</subfield>
         <subfield code="d">ZYU</subfield>
      </datafield>
      <datafield tag="043" ind1=" " ind2=" ">
         <subfield code="a">a-iq---</subfield>
      </datafield>
      <datafield tag="050" ind1=" " ind2="4">
         <subfield code="a">CJ1361</subfield>
         <subfield code="b">.H454 2017</subfield>
      </datafield>
      <datafield tag="079" ind1=" " ind2=" ">
         <subfield code="a">(OCoLC)975488486</subfield>
      </datafield>
      <datafield tag="082" ind1="0" ind2="4">
         <subfield code="a">932-933</subfield>
      </datafield>
      <datafield tag="100" ind1="1" ind2=" ">
         <subfield code="a">Heidemann, Stefan,</subfield>
         <subfield code="e">author.</subfield>
      </datafield>
      <datafield tag="245" ind1="1" ind2="0">
         <subfield code="a">Regional history and the coin finds from Assur from the Achaemenids to the nineteenth century =</subfield>
         <subfield code="b">Regionale Geschichte und Münzfunde aus Assur von der Zeit der Achämeniden bis zum neunzehnten Jahrhundert /</subfield>
         <subfield code="c">Stefan Heidemann, Kevin Butcher.</subfield>
      </datafield>
      <datafield tag="246" ind1="3" ind2="1">
         <subfield code="a">Regionale Geschichte und Münzfunde aus Assur von der Zeit der Achämeniden bis zum neunzehnten Jahrhundert</subfield>
      </datafield>
      <datafield tag="264" ind1=" " ind2="1">
         <subfield code="a">Wiesbaden :</subfield>
         <subfield code="b">Harrassowitz Verlag,</subfield>
         <subfield code="c">2017.</subfield>
      </datafield>
      <datafield tag="300" ind1=" " ind2=" ">
         <subfield code="a">xiv, 128 pages, 31 pages of plates :</subfield>
         <subfield code="b">illustrations (some color), maps ;</subfield>
         <subfield code="c">35 cm.</subfield>
      </datafield>
      <datafield tag="336" ind1=" " ind2=" ">
         <subfield code="a">text</subfield>
         <subfield code="2">rdacontent</subfield>
      </datafield>
      <datafield tag="337" ind1=" " ind2=" ">
         <subfield code="a">unmediated</subfield>
         <subfield code="2">rdamedia</subfield>
      </datafield>
      <datafield tag="338" ind1=" " ind2=" ">
         <subfield code="a">volume</subfield>
         <subfield code="2">rdacarrier</subfield>
      </datafield>
      <datafield tag="490" ind1="1" ind2=" ">
         <subfield code="a">Wissenschaftliche Veröffentlichung der Deutschen Orient-Gesellschaft ;</subfield>
         <subfield code="v">148</subfield>
      </datafield>
      <datafield tag="490" ind1="1" ind2=" ">
         <subfield code="a">Ausgrabungen der Deutschen Orient-Gesellschaft in Assur. F: Fundgruppen ;</subfield>
         <subfield code="v">Band 8</subfield>
      </datafield>
      <datafield tag="504" ind1=" " ind2=" ">
         <subfield code="a">Includes bibliographical references.</subfield>
      </datafield>
      <datafield tag="505" ind1="0" ind2="0">
         <subfield code="t">Preface /</subfield>
         <subfield code="r">Stefan Heidemann --</subfield>
         <subfield code="t">Überblick /</subfield>
         <subfield code="r">Stefan Heidemann --</subfield>
         <subfield code="t">From the Achaemenids to the Arsacids /</subfield>
         <subfield code="r">Kevin Butcher --</subfield>
         <subfield code="t">Von der sāsānidischen Eroberung bis zum 19. Jahrhundert /</subfield>
         <subfield code="r">Stefan Heidemann --</subfield>
         <subfield code="t">Abbreviations and bibliography --</subfield>
         <subfield code="t">Concordance of the coin finds --</subfield>
         <subfield code="t">Plates /</subfield>
         <subfield code="r">Matthias Naue.</subfield>
      </datafield>
      <datafield tag="520" ind1="8" ind2=" ">
         <subfield code="a">In July 1914, the excavation of one of the most significant capitals in human history, Assur, ended successfully. After a division of finds, the objects were dispatched to Berlin on the eve of the First World War. Assur is currently the most important reference site for coin finds in northern Iraq. They constitute an independent source for the history of the settlement, the Tigris region, and for coin circulation after the fall of the Assyrian empire in 614 BC, from the Achaemenid to the late Ottoman empire. These coin finds fill an important gap in the history of Assur, whose name in the post-Assyrian period is hardly attested to. For the Arsacid period, the coin finds highlight the surprising permeability of the border from the Roman provinces to Arsacid north-eastern Mesopotamia.0 0With the Sasanian conquest in about 240/1, life in Assur apparently stopped. For the following 1,600 years we can distinguish at least three separate settlement phases, and almost each phase corresponds to changing names for the city. While we do not know what the settlement between the 7th and 8th century was called, in the 12th and 14th centuries it was referred to as al-'Aqr. For this period, we have more literary references to its history, at least compared with the preceding 1,800 years. The coin finds, together with the textual references, allow for an insight into the political and economic development of ?a large village?. For the 17th and 18th centuries, the coins point to a revived settlement, now under the name of Qal'at Shirqat.</subfield>
      </datafield>
      <datafield tag="650" ind1=" " ind2="0">
         <subfield code="a">Coin hoards</subfield>
         <subfield code="z">Iraq</subfield>
         <subfield code="z">Ashur (Extinct city)</subfield>
      </datafield>
      <datafield tag="651" ind1=" " ind2="0">
         <subfield code="a">Ashur (Extinct city)</subfield>
         <subfield code="x">Antiquities.</subfield>
      </datafield>
      <datafield tag="651" ind1=" " ind2="7">
         <subfield code="a">Ashur/'Lamban'?/'Liba(nai)'?</subfield>
         <subfield code="2">pleiades</subfield>
         <subfield code="0">https://pleiades.stoa.org/places/893945</subfield>
      </datafield>
      <datafield tag="700" ind1="1" ind2=" ">
         <subfield code="a">Butcher, Kevin,</subfield>
         <subfield code="e">author.</subfield>
      </datafield>
      <datafield tag="830" ind1=" " ind2="0">
         <subfield code="a">Wissenschaftliche Veröffentlichung der Deutschen Orient-Gesellschaft ;</subfield>
         <subfield code="v">148.</subfield>
      </datafield>
      <datafield tag="830" ind1=" " ind2="0">
         <subfield code="a">Ausgrabungen der Deutschen Orient-Gesellschaft in Assur.</subfield>
         <subfield code="n">F,</subfield>
         <subfield code="p">Fundgruppen ;</subfield>
         <subfield code="v">Bd. 8.</subfield>
      </datafield>
      <datafield tag="OWN" ind1=" " ind2=" ">
         <subfield code="a">GENERAL</subfield>
      </datafield>
      <datafield tag="AVA" ind1=" " ind2=" ">
         <subfield code="a">NYU50</subfield>
         <subfield code="b">NISAW</subfield>
         <subfield code="c">Oversize Collection</subfield>
         <subfield code="d">CJ1361 .H454 2017 Non-circulating</subfield>
         <subfield code="e">available</subfield>
         <subfield code="t">Available</subfield>
         <subfield code="f">1</subfield>
         <subfield code="g">0</subfield>
         <subfield code="h">N</subfield>
         <subfield code="i">0</subfield>
         <subfield code="j">OVERZ</subfield>
         <subfield code="k">0</subfield>
      </datafield>
      <marc:datafield tag="852" ind1=" " ind2=" ">
         <marc:subfield code="b">Institute for the Study of the Ancient World, </marc:subfield>
         <marc:subfield code="c">Oversize Collection</marc:subfield>
         <marc:subfield code="e">15 East 84th St., </marc:subfield>
         <marc:subfield code="e">New York, NY  10028</marc:subfield>
      </marc:datafield>
   </record>