
  
  
  
  
  
  
  
  
  
  
  
  
  
  
 
  
  <record xsi:schemaLocation="http://www.loc.gov/MARC21/slim http://www.loc.gov/standards/marcxml/schema/MARC21slim.xsd">
      <leader>00000cam a22006494a 4500</leader>
      <controlfield tag="FMT">BK</controlfield>
      <controlfield tag="LDR">00000cam a22006494a 4500</controlfield>
      <controlfield tag="001">005971517</controlfield>
      <controlfield tag="003">OCoLC</controlfield>
      <controlfield tag="005">20180126141212.0</controlfield>
      <controlfield tag="008">020926s2002    ua a     b    000 0 eng</controlfield>
      <datafield tag="010" ind1=" " ind2=" ">
         <subfield code="a">2002319413</subfield>
      </datafield>
      <datafield tag="015" ind1=" " ind2=" ">
         <subfield code="a">GBA332993</subfield>
         <subfield code="2">bnb</subfield>
      </datafield>
      <datafield tag="020" ind1=" " ind2=" ">
         <subfield code="a">9774243935</subfield>
      </datafield>
      <datafield tag="020" ind1=" " ind2=" ">
         <subfield code="a">9789774243936</subfield>
      </datafield>
      <datafield tag="035" ind1=" " ind2=" ">
         <subfield code="a">(OCoLC)50960837</subfield>
         <subfield code="z">(OCoLC)48571695</subfield>
         <subfield code="z">(OCoLC)1008336014</subfield>
      </datafield>
      <datafield tag="040" ind1=" " ind2=" ">
         <subfield code="a">DLC</subfield>
         <subfield code="b">eng</subfield>
         <subfield code="c">DLC</subfield>
         <subfield code="d">UKM</subfield>
         <subfield code="d">IXA</subfield>
         <subfield code="d">BTCTA</subfield>
         <subfield code="d">YDXCP</subfield>
         <subfield code="d">OCLCG</subfield>
         <subfield code="d">IG#</subfield>
         <subfield code="d">DEBBG</subfield>
         <subfield code="d">OCLCQ</subfield>
         <subfield code="d">ZVP</subfield>
         <subfield code="d">LWU</subfield>
         <subfield code="d">OCLCF</subfield>
         <subfield code="d">OCLCO</subfield>
         <subfield code="d">OCLCQ</subfield>
         <subfield code="d">ZYU</subfield>
      </datafield>
      <datafield tag="042" ind1=" " ind2=" ">
         <subfield code="a">pcc</subfield>
      </datafield>
      <datafield tag="043" ind1=" " ind2=" ">
         <subfield code="a">f-ua---</subfield>
      </datafield>
      <datafield tag="050" ind1="0" ind2="0">
         <subfield code="a">DT69.5</subfield>
         <subfield code="b">.F87 2002</subfield>
      </datafield>
      <datafield tag="079" ind1=" " ind2=" ">
         <subfield code="a">(OCoLC)50960837</subfield>
      </datafield>
      <datafield tag="082" ind1="0" ind2="4">
         <subfield code="a">962.16</subfield>
         <subfield code="2">21</subfield>
      </datafield>
      <datafield tag="084" ind1=" " ind2=" ">
         <subfield code="a">EH 5503</subfield>
         <subfield code="2">rvk</subfield>
      </datafield>
      <datafield tag="084" ind1=" " ind2=" ">
         <subfield code="a">NR 9045</subfield>
         <subfield code="2">rvk</subfield>
      </datafield>
      <datafield tag="245" ind1="0" ind2="0">
         <subfield code="a">Fustat finds :</subfield>
         <subfield code="b">beads, coins, medical instruments, textiles, and other artifacts from the Awad collection /</subfield>
         <subfield code="c">edited by Jere L. Bacharach.</subfield>
      </datafield>
      <datafield tag="260" ind1=" " ind2=" ">
         <subfield code="a">Cairo ;</subfield>
         <subfield code="a">New York :</subfield>
         <subfield code="b">American University in Cairo Press,</subfield>
         <subfield code="c">©2002.</subfield>
      </datafield>
      <datafield tag="300" ind1=" " ind2=" ">
         <subfield code="a">xi, 235 pages :</subfield>
         <subfield code="b">illustrations (some color) ;</subfield>
         <subfield code="c">24 cm</subfield>
      </datafield>
      <datafield tag="336" ind1=" " ind2=" ">
         <subfield code="a">text</subfield>
         <subfield code="b">txt</subfield>
         <subfield code="2">rdacontent</subfield>
      </datafield>
      <datafield tag="337" ind1=" " ind2=" ">
         <subfield code="a">unmediated</subfield>
         <subfield code="b">n</subfield>
         <subfield code="2">rdamedia</subfield>
      </datafield>
      <datafield tag="338" ind1=" " ind2=" ">
         <subfield code="a">volume</subfield>
         <subfield code="b">nc</subfield>
         <subfield code="2">rdacarrier</subfield>
      </datafield>
      <datafield tag="504" ind1=" " ind2=" ">
         <subfield code="a">Includes bibliographical references.</subfield>
      </datafield>
      <datafield tag="520" ind1=" " ind2=" ">
         <subfield code="a">"Corroded pieces of metal, stamped lumps of copper, broken bits of glass with partial inscriptions, fragments of textiles, tiny beads-- these were the raw material found at al-Fustat, the site of the first Muslim settlement in Egypt in the seventh century and the heart of Cairo for many centuries following. From the 1950s Dr. Henri Amin Awad accepted from the poor in this area objects that had no obvious market value in return for medical services rendered. Over the years he built up an extraordinary and important collection of artifacts. Carefully cleaned, sorted, and then analyzed by specialists, this material illuminates many areas of the archaeological record neglected or missing from other studies. -- The ten studies in this volume--covering beads, bone, coins, glass weights and vessel stamps, medical instruments, medical prescriptions, metal objects, and textiles-- demonstrate the wide range of archaeological material once found in al-Fustat, a site no longer accessible since most of it has been buried under urban development or lost to a rising water table."</subfield>
         <subfield code="u">http://books.google.com/books?id=fqFyAAAAMAAJ.</subfield>
      </datafield>
      <datafield tag="505" ind1="0" ind2="0">
         <subfield code="t">Foreword /</subfield>
         <subfield code="r">Ibrahim 'Abd al-Rahman &amp; 'Abd al-Rahman 'Abd al-Tawwab --</subfield>
         <subfield code="t">Introduction /</subfield>
         <subfield code="r">Jere L. Bacharach --</subfield>
         <subfield code="t">Beads /</subfield>
         <subfield code="r">Peter Francis, Jr. --</subfield>
         <subfield code="t">Bone, Ivory, and Wood /</subfield>
         <subfield code="r">Jere L. Bacharach &amp; Elizabeth Rodenbeck --</subfield>
         <subfield code="t">Coins : Introduction /</subfield>
         <subfield code="r">Jere L. Bacharach --</subfield>
         <subfield code="t">Coins : Coin Table: Primary Identifiers /</subfield>
         <subfield code="r">Jere L. Bacharach (Ayyubid) [and others] --</subfield>
         <subfield code="t">Bibliography /</subfield>
         <subfield code="r">Norman D. Nicol --</subfield>
         <subfield code="t">Copper Coinage of Egypt in the Seventh Century /</subfield>
         <subfield code="r">Lidia Domaszewicz &amp; Michael L. Bates --</subfield>
         <subfield code="t">Glass Weights and Vessel Stamps /</subfield>
         <subfield code="r">Katharina Eldada --</subfield>
         <subfield code="t">Glass Vessel Stamp Data for Materia Medica /</subfield>
         <subfield code="r">Sami K. Hamarneh &amp; Henri Amin Awad --</subfield>
         <subfield code="t">Medical Instruments /</subfield>
         <subfield code="r">Sami K. Hamarneh &amp; Henri Amin Awad --</subfield>
         <subfield code="t">Medical Prescriptions /</subfield>
         <subfield code="r">Henri Amin Awad --</subfield>
         <subfield code="t">Metal Objects /</subfield>
         <subfield code="r">Jere L. Bacharach &amp; Elizabeth Rodenbeck --</subfield>
         <subfield code="t">Textiles /</subfield>
         <subfield code="r">Nancy Arthur Hoskins.</subfield>
      </datafield>
      <datafield tag="650" ind1=" " ind2="0">
         <subfield code="a">Islamic antiquities</subfield>
         <subfield code="z">Egypt</subfield>
         <subfield code="z">Cairo.</subfield>
      </datafield>
      <datafield tag="651" ind1=" " ind2="0">
         <subfield code="a">Fusṭāṭ (Cairo, Egypt)</subfield>
         <subfield code="x">Antiquities.</subfield>
      </datafield>
      <datafield tag="600" ind1="1" ind2="0">
         <subfield code="a">Awad, Henri Amin,</subfield>
         <subfield code="d">1926-</subfield>
      </datafield>
      <datafield tag="651" ind1=" " ind2="7">
         <subfield code="a">Babylon.</subfield>
         <subfield code="2">pleiades</subfield>
         <subfield code="0">https://pleiades.stoa.org/places/727082</subfield>
      </datafield>
      <datafield tag="600" ind1="1" ind2="7">
         <subfield code="a">Awad, Henri Amin,</subfield>
         <subfield code="d">1926-</subfield>
         <subfield code="2">fast</subfield>
         <subfield code="0">(OCoLC)fst00478796</subfield>
      </datafield>
      <datafield tag="650" ind1=" " ind2="7">
         <subfield code="a">Antiquities.</subfield>
         <subfield code="2">fast</subfield>
         <subfield code="0">(OCoLC)fst00810745</subfield>
      </datafield>
      <datafield tag="650" ind1=" " ind2="7">
         <subfield code="a">Islamic antiquities.</subfield>
         <subfield code="2">fast</subfield>
         <subfield code="0">(OCoLC)fst00979905</subfield>
      </datafield>
      <datafield tag="651" ind1=" " ind2="7">
         <subfield code="a">Egypt</subfield>
         <subfield code="z">Cairo.</subfield>
         <subfield code="2">fast</subfield>
         <subfield code="0">(OCoLC)fst01205204</subfield>
      </datafield>
      <datafield tag="651" ind1=" " ind2="7">
         <subfield code="a">Egypt</subfield>
         <subfield code="z">Cairo</subfield>
         <subfield code="z">Fusṭāṭ.</subfield>
         <subfield code="2">fast</subfield>
         <subfield code="0">(OCoLC)fst01714225</subfield>
      </datafield>
      <datafield tag="650" ind1="0" ind2="7">
         <subfield code="a">Aufsatzsammlung.</subfield>
         <subfield code="2">swd</subfield>
      </datafield>
      <datafield tag="650" ind1="0" ind2="7">
         <subfield code="a">Funde.</subfield>
         <subfield code="2">swd</subfield>
      </datafield>
      <datafield tag="651" ind1=" " ind2="7">
         <subfield code="a">Kairo-al-Fustat.</subfield>
         <subfield code="2">swd</subfield>
      </datafield>
      <datafield tag="700" ind1="1" ind2=" ">
         <subfield code="a">Bacharach, Jere L.,</subfield>
         <subfield code="d">1938-</subfield>
      </datafield>
      <datafield tag="776" ind1="0" ind2="8">
         <subfield code="i">Online version:</subfield>
         <subfield code="t">Fustat finds.</subfield>
         <subfield code="d">Cairo ; New York : American University in Cairo Press, ©2002</subfield>
         <subfield code="w">(OCoLC)606752634</subfield>
      </datafield>
      <datafield tag="856" ind1="4" ind2="1">
         <subfield code="3">Table of contents</subfield>
         <subfield code="u">http://catdir.loc.gov/catdir/toc/fy033/2002319413.html</subfield>
      </datafield>
      <datafield tag="OWN" ind1=" " ind2=" ">
         <subfield code="a">GENERAL</subfield>
      </datafield>
      <datafield tag="AVA" ind1=" " ind2=" ">
         <subfield code="a">NYU50</subfield>
         <subfield code="b">NISAW</subfield>
         <subfield code="c">Small Collection</subfield>
         <subfield code="d">DT69.5 .F87 2002 Non-circulating</subfield>
         <subfield code="e">available</subfield>
         <subfield code="t">Available</subfield>
         <subfield code="f">1</subfield>
         <subfield code="g">0</subfield>
         <subfield code="h">N</subfield>
         <subfield code="i">0</subfield>
         <subfield code="j">SMALL</subfield>
         <subfield code="k">0</subfield>
      </datafield>
      <marc:datafield tag="852" ind1=" " ind2=" ">
         <marc:subfield code="b">Institute for the Study of the Ancient World, </marc:subfield>
         <marc:subfield code="c">Small Collection</marc:subfield>
         <marc:subfield code="e">15 East 84th St., </marc:subfield>
         <marc:subfield code="e">New York, NY  10028</marc:subfield>
      </marc:datafield>
   </record>