
  
  
  
  
  
  
  
  
  
 
  
  <record xsi:schemaLocation="http://www.loc.gov/MARC21/slim http://www.loc.gov/standards/marcxml/schema/MARC21slim.xsd">
      <leader>00000cam a22      i 4500</leader>
      <controlfield tag="FMT">BK</controlfield>
      <controlfield tag="LDR">00000cam a22      i 4500</controlfield>
      <controlfield tag="001">005971609</controlfield>
      <controlfield tag="005">20180126140803.0</controlfield>
      <controlfield tag="008">180123s2017    enkab    b    001 0 eng c</controlfield>
      <datafield tag="010" ind1=" " ind2=" ">
         <subfield code="a">2017048718</subfield>
      </datafield>
      <datafield tag="015" ind1=" " ind2=" ">
         <subfield code="a">GBB7B8468</subfield>
         <subfield code="2">bnb</subfield>
      </datafield>
      <datafield tag="020" ind1=" " ind2=" ">
         <subfield code="a">9781107159105</subfield>
      </datafield>
      <datafield tag="020" ind1=" " ind2=" ">
         <subfield code="a">1107159105</subfield>
      </datafield>
      <datafield tag="035" ind1=" " ind2=" ">
         <subfield code="a">(OCoLC)1008771704</subfield>
         <subfield code="z">(OCoLC)959320193</subfield>
         <subfield code="z">(OCoLC)993996734</subfield>
         <subfield code="z">(OCoLC)999601564</subfield>
      </datafield>
      <datafield tag="040" ind1=" " ind2=" ">
         <subfield code="a">PUL</subfield>
         <subfield code="b">eng</subfield>
         <subfield code="e">rda</subfield>
         <subfield code="c">PUL</subfield>
         <subfield code="d">YDX</subfield>
         <subfield code="d">UAT</subfield>
         <subfield code="d">DLC</subfield>
         <subfield code="d">UBY</subfield>
         <subfield code="d">ERASA</subfield>
         <subfield code="d">NLE</subfield>
         <subfield code="d">BTCTA</subfield>
      </datafield>
      <datafield tag="041" ind1="1" ind2=" ">
         <subfield code="a">eng</subfield>
         <subfield code="a">grc</subfield>
         <subfield code="h">grc</subfield>
      </datafield>
      <datafield tag="042" ind1=" " ind2=" ">
         <subfield code="a">pcc</subfield>
      </datafield>
      <datafield tag="043" ind1=" " ind2=" ">
         <subfield code="a">f-ua---</subfield>
      </datafield>
      <datafield tag="050" ind1="0" ind2="0">
         <subfield code="a">PA3323</subfield>
         <subfield code="b">.L34 2017</subfield>
      </datafield>
      <datafield tag="079" ind1=" " ind2=" ">
         <subfield code="a">(OCoLC)1008771704</subfield>
      </datafield>
      <datafield tag="082" ind1="0" ind2="0">
         <subfield code="a">932/.3021</subfield>
         <subfield code="2">23</subfield>
      </datafield>
      <datafield tag="245" ind1="0" ind2="0">
         <subfield code="a">Land and taxes in Ptolemaic Egypt :</subfield>
         <subfield code="b">an edition, translation and commentary for the Edfu land survey (P. Haun. IV 70) /</subfield>
         <subfield code="c">[edited with translation, introduction and commentary by] Thorolf Christensen, Dorothy J. Thompson and Katelijn Vandorpe.</subfield>
      </datafield>
      <datafield tag="264" ind1=" " ind2="1">
         <subfield code="a">Cambridge, United Kingdom :</subfield>
         <subfield code="b">Cambridge University Press,</subfield>
         <subfield code="c">2017.</subfield>
      </datafield>
      <datafield tag="300" ind1=" " ind2=" ">
         <subfield code="a">xviii, 158 pages :</subfield>
         <subfield code="b">illustrations, map ;</subfield>
         <subfield code="c">26 cm.</subfield>
      </datafield>
      <datafield tag="336" ind1=" " ind2=" ">
         <subfield code="a">text</subfield>
         <subfield code="2">rdacontent</subfield>
      </datafield>
      <datafield tag="337" ind1=" " ind2=" ">
         <subfield code="a">unmediated</subfield>
         <subfield code="2">rdamedia</subfield>
      </datafield>
      <datafield tag="338" ind1=" " ind2=" ">
         <subfield code="a">volume</subfield>
         <subfield code="2">rdacarrier</subfield>
      </datafield>
      <datafield tag="490" ind1="1" ind2=" ">
         <subfield code="a">Cambridge classical studies</subfield>
      </datafield>
      <datafield tag="504" ind1=" " ind2=" ">
         <subfield code="a">Includes bibliographical references (pages 141-146) and indexes.</subfield>
      </datafield>
      <datafield tag="546" ind1=" " ind2=" ">
         <subfield code="a">In English ; Papyrus Haun text in Ancient Greek with English translation.</subfield>
      </datafield>
      <datafield tag="520" ind1="8" ind2=" ">
         <subfield code="a">This book provides the first edition with an extensive introduction and full commentary of a unique land survey written on papyrus in Greek which derives from that area of southern (Upper) Egypt known as the Apollonopolite (or Edfu) nome and is now preserved in Copenhagen. Dating from the late second century BC, this survey provides a new picture of both landholding and taxation in the area which differs significantly from that currently accepted. The introduction sets this new evidence in its contemporary context, drawing particular attention to what it reveals about the nature of the relations of the Ptolemaic royal administration with local grandees, Egyptian temples and the army. No student of Hellenistic Egypt can afford to ignore this text, which importantly extends our knowledge of Upper Egypt under the Ptolemaic kings and involves some modification to the prevailing picture of landholding in Hellenistic Egypt.00Provides the first edition of the first Hellenistic land survey to survive on papyrus from southern Egypt . Includes an introduction to the importance of the text within the context of land and taxation in Upper, or southern, Egypt. Offers new evidence for the widespread existence of private land in the south and involves some substantial modification of the prevailing picture of landholding in Hellenistic Egypt.</subfield>
      </datafield>
      <datafield tag="505" ind1="0" ind2=" ">
         <subfield code="a">Introduction to the Edfu land survey; The Edfu land survey in context; Acquisition and physical description; Date and nature of the survey; Survey operations and the officials involved; Fiscal land categories; Taxes; Condition and use of the land; Historical discussion -- Overview of the Edfu land survey -- Text and translation -- Commentary.</subfield>
      </datafield>
      <datafield tag="630" ind1="0" ind2="0">
         <subfield code="a">Papyrus Haun. IV 70.</subfield>
      </datafield>
      <datafield tag="650" ind1=" " ind2="0">
         <subfield code="a">Manuscripts, Greek (Papyri)</subfield>
         <subfield code="z">Egypt.</subfield>
      </datafield>
      <datafield tag="650" ind1=" " ind2="0">
         <subfield code="a">Land value taxation</subfield>
         <subfield code="z">Egypt</subfield>
         <subfield code="z">Idfū</subfield>
         <subfield code="x">History</subfield>
         <subfield code="y">To 1500.</subfield>
      </datafield>
      <datafield tag="650" ind1=" " ind2="0">
         <subfield code="a">Land use surveys</subfield>
         <subfield code="z">Egypt</subfield>
         <subfield code="z">Idfū</subfield>
         <subfield code="x">History</subfield>
         <subfield code="y">To 1500.</subfield>
      </datafield>
      <datafield tag="651" ind1=" " ind2="0">
         <subfield code="a">Idfū (Egypt)</subfield>
         <subfield code="x">History</subfield>
         <subfield code="y">To 1500.</subfield>
      </datafield>
      <datafield tag="651" ind1=" " ind2="0">
         <subfield code="a">Egypt</subfield>
         <subfield code="x">History</subfield>
         <subfield code="y">332-30 B.C.</subfield>
      </datafield>
      <datafield tag="650" ind1=" " ind2="0">
         <subfield code="a">Taxation</subfield>
         <subfield code="z">Egypt</subfield>
         <subfield code="x">History.</subfield>
      </datafield>
      <datafield tag="651" ind1=" " ind2="7">
         <subfield code="a">Apollonopolis Magna.</subfield>
         <subfield code="2">pleiades</subfield>
         <subfield code="0">https://pleiades.stoa.org/places/785974</subfield>
      </datafield>
      <datafield tag="600" ind1="3" ind2="0">
         <subfield code="a">Ptolemaic dynasty,</subfield>
         <subfield code="d">305-30 B.C.</subfield>
      </datafield>
      <datafield tag="700" ind1="1" ind2=" ">
         <subfield code="a">Christensen, Thorolf,</subfield>
         <subfield code="e">editor,</subfield>
         <subfield code="e">translator,</subfield>
         <subfield code="e">writer of added commentary.</subfield>
      </datafield>
      <datafield tag="700" ind1="1" ind2=" ">
         <subfield code="a">Thompson, Dorothy J.,</subfield>
         <subfield code="d">1939-</subfield>
         <subfield code="e">editor,</subfield>
         <subfield code="e">translator,</subfield>
         <subfield code="e">writer of added commentary.</subfield>
      </datafield>
      <datafield tag="700" ind1="1" ind2=" ">
         <subfield code="a">Vandorpe, Katelijn,</subfield>
         <subfield code="e">editor,</subfield>
         <subfield code="e">translator,</subfield>
         <subfield code="e">writer of added commentary.</subfield>
      </datafield>
      <datafield tag="730" ind1="0" ind2="2">
         <subfield code="i">Container of (expression):</subfield>
         <subfield code="a">Papyrus Haun. IV 70.</subfield>
         <subfield code="l">Greek</subfield>
         <subfield code="s">(Christensen, Thompson, and Vandorpe)</subfield>
      </datafield>
      <datafield tag="730" ind1="0" ind2="2">
         <subfield code="i">Container of (expression):</subfield>
         <subfield code="a">Papyrus Haun. IV 70.</subfield>
         <subfield code="l">English</subfield>
         <subfield code="s">(Christensen, Thompson, and Vandorpe)</subfield>
      </datafield>
      <datafield tag="830" ind1=" " ind2="0">
         <subfield code="a">Cambridge classical studies.</subfield>
      </datafield>
      <datafield tag="OWN" ind1=" " ind2=" ">
         <subfield code="a">GENERAL</subfield>
      </datafield>
      <datafield tag="AVA" ind1=" " ind2=" ">
         <subfield code="a">NYU50</subfield>
         <subfield code="b">NISAW</subfield>
         <subfield code="c">Small Collection</subfield>
         <subfield code="d">PA3323 .L34 2017 Non-circulating</subfield>
         <subfield code="e">available</subfield>
         <subfield code="t">Available</subfield>
         <subfield code="f">1</subfield>
         <subfield code="g">0</subfield>
         <subfield code="h">N</subfield>
         <subfield code="i">0</subfield>
         <subfield code="j">SMALL</subfield>
         <subfield code="k">0</subfield>
      </datafield>
      <marc:datafield tag="852" ind1=" " ind2=" ">
         <marc:subfield code="b">Institute for the Study of the Ancient World, </marc:subfield>
         <marc:subfield code="c">Small Collection</marc:subfield>
         <marc:subfield code="e">15 East 84th St., </marc:subfield>
         <marc:subfield code="e">New York, NY  10028</marc:subfield>
      </marc:datafield>
   </record>