
  
  
  
  
  
  
  
  
  
  
  
  
 
  
  <record xsi:schemaLocation="http://www.loc.gov/MARC21/slim http://www.loc.gov/standards/marcxml/schema/MARC21slim.xsd">
      <leader>00000cam a22      a 4500</leader>
      <controlfield tag="FMT">BK</controlfield>
      <controlfield tag="LDR">00000cam a22      a 4500</controlfield>
      <controlfield tag="001">005977321</controlfield>
      <controlfield tag="005">20180131172428.0</controlfield>
      <controlfield tag="008">180129s1998    cc ab    bc   001 0 chi d</controlfield>
      <datafield tag="010" ind1=" " ind2=" ">
         <subfield code="a">98463803</subfield>
      </datafield>
      <datafield tag="020" ind1=" " ind2=" ">
         <subfield code="a">9620752279</subfield>
      </datafield>
      <datafield tag="020" ind1=" " ind2=" ">
         <subfield code="a">9789620752278</subfield>
      </datafield>
      <datafield tag="020" ind1=" " ind2=" ">
         <subfield code="a">7806138110</subfield>
      </datafield>
      <datafield tag="020" ind1=" " ind2=" ">
         <subfield code="a">9787806138113</subfield>
      </datafield>
      <datafield tag="035" ind1=" " ind2=" ">
         <subfield code="a">(OCoLC)39037204</subfield>
      </datafield>
      <datafield tag="040" ind1=" " ind2=" ">
         <subfield code="a">HkUST</subfield>
         <subfield code="b">eng</subfield>
         <subfield code="c">DLC</subfield>
         <subfield code="d">HNK</subfield>
         <subfield code="d">OCLCQ</subfield>
         <subfield code="d">YDXCP</subfield>
         <subfield code="d">CUS</subfield>
         <subfield code="d">SINLB</subfield>
         <subfield code="d">J9U</subfield>
         <subfield code="d">CALIS</subfield>
         <subfield code="d">OCLCF</subfield>
         <subfield code="d">OCLCQ</subfield>
         <subfield code="d">OCLCO</subfield>
         <subfield code="d">OCLCQ</subfield>
         <subfield code="d">NNU</subfield>
      </datafield>
      <datafield tag="042" ind1=" " ind2=" ">
         <subfield code="a">lccopycat</subfield>
      </datafield>
      <datafield tag="043" ind1=" " ind2=" ">
         <subfield code="a">a-cc-ka</subfield>
         <subfield code="a">a-cc-nn</subfield>
      </datafield>
      <datafield tag="050" ind1="0" ind2="0">
         <subfield code="a">N7346.K36</subfield>
         <subfield code="b">H6 1998</subfield>
      </datafield>
      <datafield tag="050" ind1=" " ind2="4">
         <subfield code="a">DS721.C56</subfield>
         <subfield code="b">H8 1998</subfield>
      </datafield>
      <datafield tag="079" ind1=" " ind2=" ">
         <subfield code="a">(OCoLC)39037204</subfield>
      </datafield>
      <datafield tag="082" ind1="0" ind2="4">
         <subfield code="a">931</subfield>
      </datafield>
      <datafield tag="245" ind1="0" ind2="0">
         <subfield code="6">880-01</subfield>
         <subfield code="a">He Long wen hua :</subfield>
         <subfield code="b">lian jie gu dai Zhongguo yu shi jie de zou lang /</subfield>
         <subfield code="c">[zhu bian Li Yongliang].</subfield>
      </datafield>
      <datafield tag="246" ind1="3" ind2="0">
         <subfield code="6">880-02</subfield>
         <subfield code="a">Lian jie gu dai Zhongguo yu shi jie de zou lang</subfield>
      </datafield>
      <datafield tag="250" ind1=" " ind2=" ">
         <subfield code="6">880-03</subfield>
         <subfield code="a">Di 1 ban.</subfield>
      </datafield>
      <datafield tag="260" ind1=" " ind2=" ">
         <subfield code="6">880-04</subfield>
         <subfield code="a">Xianggang :</subfield>
         <subfield code="b">Shang wu yin shu guan,</subfield>
         <subfield code="c">1998.</subfield>
      </datafield>
      <datafield tag="300" ind1=" " ind2=" ">
         <subfield code="a">283 pages :</subfield>
         <subfield code="b">color illustrations, color map ;</subfield>
         <subfield code="c">30 cm.</subfield>
      </datafield>
      <datafield tag="336" ind1=" " ind2=" ">
         <subfield code="a">text</subfield>
         <subfield code="b">txt</subfield>
         <subfield code="2">rdacontent</subfield>
      </datafield>
      <datafield tag="337" ind1=" " ind2=" ">
         <subfield code="a">unmediated</subfield>
         <subfield code="b">n</subfield>
         <subfield code="2">rdamedia</subfield>
      </datafield>
      <datafield tag="338" ind1=" " ind2=" ">
         <subfield code="a">volume</subfield>
         <subfield code="b">nc</subfield>
         <subfield code="2">rdacarrier</subfield>
      </datafield>
      <datafield tag="490" ind1="1" ind2=" ">
         <subfield code="6">880-05</subfield>
         <subfield code="a">Zhongguo di yu wen hua da xi</subfield>
      </datafield>
      <datafield tag="504" ind1=" " ind2=" ">
         <subfield code="a">Includes bibliographical references and index.</subfield>
      </datafield>
      <datafield tag="500" ind1=" " ind2=" ">
         <subfield code="a">ISAW copy is from the library of Susan L. Beningson.</subfield>
         <subfield code="5">NyNyUAW</subfield>
      </datafield>
      <datafield tag="650" ind1=" " ind2="0">
         <subfield code="a">Art</subfield>
         <subfield code="z">China</subfield>
         <subfield code="z">Gansu Sheng</subfield>
         <subfield code="v">Catalogs.</subfield>
      </datafield>
      <datafield tag="650" ind1=" " ind2="0">
         <subfield code="a">Art</subfield>
         <subfield code="z">China</subfield>
         <subfield code="z">Ningxia Huizu Zizhiqu</subfield>
         <subfield code="v">Catalogs.</subfield>
      </datafield>
      <datafield tag="651" ind1=" " ind2="0">
         <subfield code="6">880-06</subfield>
         <subfield code="a">Gansu Sheng (China)</subfield>
         <subfield code="x">Civilization.</subfield>
      </datafield>
      <datafield tag="651" ind1=" " ind2="0">
         <subfield code="6">880-07</subfield>
         <subfield code="a">Ningxia Huizu Zizhiqu (China)</subfield>
         <subfield code="x">Civilization.</subfield>
      </datafield>
      <datafield tag="650" ind1=" " ind2="7">
         <subfield code="a">Art.</subfield>
         <subfield code="2">fast</subfield>
         <subfield code="0">(OCoLC)fst00815177</subfield>
      </datafield>
      <datafield tag="650" ind1=" " ind2="7">
         <subfield code="a">Civilization.</subfield>
         <subfield code="2">fast</subfield>
         <subfield code="0">(OCoLC)fst00862898</subfield>
      </datafield>
      <datafield tag="651" ind1=" " ind2="7">
         <subfield code="a">China</subfield>
         <subfield code="z">Gansu Sheng.</subfield>
         <subfield code="2">fast</subfield>
         <subfield code="0">(OCoLC)fst01212203</subfield>
      </datafield>
      <datafield tag="651" ind1=" " ind2="7">
         <subfield code="a">China</subfield>
         <subfield code="z">Ningxia Huizu Zizhiqu.</subfield>
         <subfield code="2">fast</subfield>
         <subfield code="0">(OCoLC)fst01216338</subfield>
      </datafield>
      <datafield tag="655" ind1=" " ind2="7">
         <subfield code="a">Catalogs.</subfield>
         <subfield code="2">fast</subfield>
         <subfield code="0">(OCoLC)fst01423692</subfield>
      </datafield>
      <datafield tag="700" ind1="1" ind2=" ">
         <subfield code="6">880-08</subfield>
         <subfield code="a">Li, Yongliang.</subfield>
      </datafield>
      <datafield tag="700" ind1="1" ind2=" ">
         <subfield code="a">Beningson, Susan L.,</subfield>
         <subfield code="e">former owner.</subfield>
         <subfield code="5">NyNyUAW</subfield>
      </datafield>
      <datafield tag="740" ind1="0" ind2=" ">
         <subfield code="a">Beningson Collection.</subfield>
         <subfield code="5">NyNyUAW</subfield>
      </datafield>
      <datafield tag="880" ind1="0" ind2="0">
         <subfield code="6">245-01/</subfield>
         <subfield code="a">河隴文化 :</subfield>
         <subfield code="b">連接古代中國與世界的走廊 /</subfield>
         <subfield code="c">[主編李永良].</subfield>
      </datafield>
      <datafield tag="880" ind1="3" ind2="0">
         <subfield code="6">246-02/</subfield>
         <subfield code="a">連接古代中國與世界的走廊</subfield>
      </datafield>
      <datafield tag="880" ind1=" " ind2=" ">
         <subfield code="6">250-03/</subfield>
         <subfield code="a">第1版.</subfield>
      </datafield>
      <datafield tag="880" ind1=" " ind2=" ">
         <subfield code="6">260-04/</subfield>
         <subfield code="a">香港 :</subfield>
         <subfield code="b">商務印書館,</subfield>
         <subfield code="c">1998.</subfield>
      </datafield>
      <datafield tag="880" ind1="1" ind2=" ">
         <subfield code="6">490-05/</subfield>
         <subfield code="a">中國地域文化大系</subfield>
      </datafield>
      <datafield tag="880" ind1=" " ind2="4">
         <subfield code="6">651-06/</subfield>
         <subfield code="a">甘肅省(China)</subfield>
         <subfield code="x">Civilization.</subfield>
      </datafield>
      <datafield tag="880" ind1=" " ind2="4">
         <subfield code="6">651-07/</subfield>
         <subfield code="a">寧夏回族自治區(China)</subfield>
         <subfield code="x">Civilization.</subfield>
      </datafield>
      <datafield tag="880" ind1="1" ind2=" ">
         <subfield code="6">700-08/</subfield>
         <subfield code="a">李永良.</subfield>
      </datafield>
      <datafield tag="830" ind1=" " ind2="0">
         <subfield code="6">880-09</subfield>
         <subfield code="a">Zhongguo di yu wen hua da xi.</subfield>
      </datafield>
      <datafield tag="880" ind1=" " ind2="0">
         <subfield code="6">830-09/</subfield>
         <subfield code="a">中國地域文化大系.</subfield>
      </datafield>
      <datafield tag="OWN" ind1=" " ind2=" ">
         <subfield code="a">GENERAL</subfield>
      </datafield>
      <datafield tag="AVA" ind1=" " ind2=" ">
         <subfield code="a">NYU50</subfield>
         <subfield code="b">NISAW</subfield>
         <subfield code="c">Large Collection</subfield>
         <subfield code="d">N7346.K36 H6 1998 Non-circulating</subfield>
         <subfield code="e">available</subfield>
         <subfield code="t">Available</subfield>
         <subfield code="f">1</subfield>
         <subfield code="g">0</subfield>
         <subfield code="h">N</subfield>
         <subfield code="i">0</subfield>
         <subfield code="j">LARGE</subfield>
         <subfield code="k">0</subfield>
      </datafield>
      <marc:datafield tag="852" ind1=" " ind2=" ">
         <marc:subfield code="b">Institute for the Study of the Ancient World, </marc:subfield>
         <marc:subfield code="c">Large Collection</marc:subfield>
         <marc:subfield code="e">15 East 84th St., </marc:subfield>
         <marc:subfield code="e">New York, NY  10028</marc:subfield>
      </marc:datafield>
   </record>