
  
  
  
  
  
  
  
  
  
  
  
 
  
  <record xsi:schemaLocation="http://www.loc.gov/MARC21/slim http://www.loc.gov/standards/marcxml/schema/MARC21slim.xsd">
      <leader>00000cam a22      i 4500</leader>
      <controlfield tag="FMT">BK</controlfield>
      <controlfield tag="LDR">00000cam a22      i 4500</controlfield>
      <controlfield tag="001">005977193</controlfield>
      <controlfield tag="005">20180131174229.0</controlfield>
      <controlfield tag="008">180129s2016    cc ab    b    000 0 chi d</controlfield>
      <datafield tag="010" ind1=" " ind2=" ">
         <subfield code="a">2017435232</subfield>
      </datafield>
      <datafield tag="020" ind1=" " ind2=" ">
         <subfield code="a">9787100124270</subfield>
      </datafield>
      <datafield tag="020" ind1=" " ind2=" ">
         <subfield code="a">7100124271</subfield>
      </datafield>
      <datafield tag="035" ind1=" " ind2=" ">
         <subfield code="a">(OCoLC)961339842</subfield>
      </datafield>
      <datafield tag="040" ind1=" " ind2=" ">
         <subfield code="a">BCBTC</subfield>
         <subfield code="b">eng</subfield>
         <subfield code="e">rda</subfield>
         <subfield code="c">DLC</subfield>
         <subfield code="d">BCBTC</subfield>
         <subfield code="d">CNPIT</subfield>
         <subfield code="d">CUY</subfield>
         <subfield code="d">OCLCF</subfield>
         <subfield code="d">OCLCO</subfield>
         <subfield code="d">MZA</subfield>
         <subfield code="d">OCLCQ</subfield>
         <subfield code="d">IUL</subfield>
         <subfield code="d">NNU</subfield>
      </datafield>
      <datafield tag="042" ind1=" " ind2=" ">
         <subfield code="a">lccopycat</subfield>
      </datafield>
      <datafield tag="043" ind1=" " ind2=" ">
         <subfield code="a">a-cc---</subfield>
      </datafield>
      <datafield tag="050" ind1="0" ind2="0">
         <subfield code="a">NK7983.A1</subfield>
         <subfield code="b">Z426 2016</subfield>
      </datafield>
      <datafield tag="079" ind1=" " ind2=" ">
         <subfield code="a">(OCoLC)961339842</subfield>
      </datafield>
      <datafield tag="100" ind1="1" ind2=" ">
         <subfield code="6">880-01</subfield>
         <subfield code="a">Zhang, Changping,</subfield>
         <subfield code="d">1964-</subfield>
         <subfield code="e">author.</subfield>
      </datafield>
      <datafield tag="245" ind1="1" ind2="0">
         <subfield code="6">880-02</subfield>
         <subfield code="a">Shang Zhou shi qi nan fang qing tong qi yan jiu =</subfield>
         <subfield code="b">ShangZhou shiqi nanfang qingtongqi yanjiu /</subfield>
         <subfield code="c">Zhang Changping zhu.</subfield>
      </datafield>
      <datafield tag="246" ind1="1" ind2="4">
         <subfield code="a">ShangZhou shiqi nanfang qingtongqi yanjiu</subfield>
      </datafield>
      <datafield tag="250" ind1=" " ind2=" ">
         <subfield code="6">880-03</subfield>
         <subfield code="a">Di 1 ban.</subfield>
      </datafield>
      <datafield tag="264" ind1=" " ind2="1">
         <subfield code="6">880-04</subfield>
         <subfield code="a">Beijing :</subfield>
         <subfield code="b">Shang wu yin shu guan,</subfield>
         <subfield code="c">2016.</subfield>
      </datafield>
      <datafield tag="300" ind1=" " ind2=" ">
         <subfield code="a">3, 2, 339 pages :</subfield>
         <subfield code="b">illustrations, maps ;</subfield>
         <subfield code="c">23 cm.</subfield>
      </datafield>
      <datafield tag="336" ind1=" " ind2=" ">
         <subfield code="a">text</subfield>
         <subfield code="b">txt</subfield>
         <subfield code="2">rdacontent</subfield>
      </datafield>
      <datafield tag="337" ind1=" " ind2=" ">
         <subfield code="a">unmediated</subfield>
         <subfield code="b">n</subfield>
         <subfield code="2">rdamedia</subfield>
      </datafield>
      <datafield tag="338" ind1=" " ind2=" ">
         <subfield code="a">volume</subfield>
         <subfield code="b">nc</subfield>
         <subfield code="2">rdacarrier</subfield>
      </datafield>
      <datafield tag="490" ind1="1" ind2=" ">
         <subfield code="6">880-05</subfield>
         <subfield code="a">Luojia shi xue wen ku =</subfield>
         <subfield code="a">Luojia shixue wenku</subfield>
      </datafield>
      <datafield tag="500" ind1=" " ind2=" ">
         <subfield code="a">Includes a list of author's works (pages [331]-339).</subfield>
      </datafield>
      <datafield tag="500" ind1=" " ind2=" ">
         <subfield code="6">880-06</subfield>
         <subfield code="a">"Wuhan da xue wen ke ji chu xue ke zhen xing xing dong ji hua zi zhu chu ban."</subfield>
      </datafield>
      <datafield tag="504" ind1=" " ind2=" ">
         <subfield code="a">Includes bibliographical references.</subfield>
      </datafield>
      <datafield tag="520" ind1=" " ind2=" ">
         <subfield code="6">880-07</subfield>
         <subfield code="a">Ben shu shi Wuhan da xue li shi xue yuan Zhang Changping jiao shou yan jiu nan fang Shang Zhou shi qi qing tong qi fa biao de lun wen xiu ding, ji he er cheng, fen wei Shang, xi Zhou, dong Zhou san ge ge shi qi. Zuo zhe jiang qing tong qi zuo wei yan jiu de he xin, cong er kao cha Shang Zhou shi qi nan fang de wen hua he she hui bei jing, yan jiu nan fang di qu chu tu qing tong qi suo fan ying de xi zhou zao qi zhou wen hua de nan xia yi ji dui nan fang di qu de kong zhi, yi ji xiang hu zhi jian de jiao liu. Tong guo dui Panlong Cheng deng nan fang di qu qing tong qi de yan jiu, jie shi nan fang di qu qing tong qi sheng chan ji qi suo zhe she de yu Shang wen hua zhong xin di qu zheng zhi guan xi; tong guo dui bu tong qing tong qi qun guan cha, fan ying nan fang bu tong qu yu zhi jian de wen hua jiao liu; tong guo dui xi Zhou shi qi Eguo, Cengguo qing tong qi de yan jiu, ben shu shi tu gou le chu yi ge xi Zhou shi qi de nan guo lun kuo; tong guo dui Cengguo deng nan fang zhu hou guo qing tong qi ji qi ming wen de kao cha, cong xin de jiao du lai zhui su zao qi Chu wen hua, tao lun dong Zhou shi qi wang wang rong yi bei hu shi, dan you jiao Chu Qin deng da guo geng you dai biao xing de nan fang zhu hou guo wen hua di wei he bei jing wen ti. Zuo zhe guan zhu Zhongguo qing tong shi dai qing tong qi de quan mao, shen zhi chang shi yi quan qiu shi ye kao cha Zhongguo gu dai qing tong wen ming te zheng, you wai wei er ji nei zai, you ge ti er dao yi ban de si lu shi zuo zhe de zhu yao feng ge.</subfield>
      </datafield>
      <datafield tag="650" ind1=" " ind2="0">
         <subfield code="a">Bronzes</subfield>
         <subfield code="z">China</subfield>
         <subfield code="x">History.</subfield>
      </datafield>
      <datafield tag="651" ind1=" " ind2="0">
         <subfield code="a">China</subfield>
         <subfield code="x">History</subfield>
         <subfield code="y">To 221 B.C.</subfield>
      </datafield>
      <datafield tag="650" ind1=" " ind2="7">
         <subfield code="a">Bronzes.</subfield>
         <subfield code="2">fast</subfield>
         <subfield code="0">(OCoLC)fst00839541</subfield>
      </datafield>
      <datafield tag="651" ind1=" " ind2="7">
         <subfield code="a">China.</subfield>
         <subfield code="2">fast</subfield>
         <subfield code="0">(OCoLC)fst01206073</subfield>
      </datafield>
      <datafield tag="648" ind1=" " ind2="7">
         <subfield code="a">To 221 B.C.</subfield>
         <subfield code="2">fast</subfield>
      </datafield>
      <datafield tag="655" ind1=" " ind2="7">
         <subfield code="a">History.</subfield>
         <subfield code="2">fast</subfield>
         <subfield code="0">(OCoLC)fst01411628</subfield>
      </datafield>
      <datafield tag="880" ind1="1" ind2=" ">
         <subfield code="6">100-01/</subfield>
         <subfield code="a">张昌平,</subfield>
         <subfield code="d">1964-</subfield>
         <subfield code="e">author.</subfield>
      </datafield>
      <datafield tag="880" ind1="1" ind2="0">
         <subfield code="6">245-02/</subfield>
         <subfield code="a">商周时期南方青铜器研究 =</subfield>
         <subfield code="b">ShangZhou shiqi nanfang qingtongqi yanjiu /</subfield>
         <subfield code="c">张昌平著.</subfield>
      </datafield>
      <datafield tag="880" ind1=" " ind2=" ">
         <subfield code="6">250-03/</subfield>
         <subfield code="a">第1版.</subfield>
      </datafield>
      <datafield tag="880" ind1=" " ind2="1">
         <subfield code="6">264-04/</subfield>
         <subfield code="a">北京 :</subfield>
         <subfield code="b">商務印書館,</subfield>
         <subfield code="c">2016.</subfield>
      </datafield>
      <datafield tag="880" ind1="1" ind2=" ">
         <subfield code="6">490-05/</subfield>
         <subfield code="a">珞珈史学文库 =</subfield>
         <subfield code="a">Luojia shixue wenku</subfield>
      </datafield>
      <datafield tag="880" ind1=" " ind2=" ">
         <subfield code="6">500-06/</subfield>
         <subfield code="a">"武汉大学文科基础学科振兴行动计划资助出版."</subfield>
      </datafield>
      <datafield tag="880" ind1=" " ind2=" ">
         <subfield code="6">520-07/</subfield>
         <subfield code="a">本书是武汉大学历史学院张昌平教授研究南方商周时期青铜器发表的论文修订, 集合而成, 分为商, 西周, 东周三个个时期. 作者将青铜器作为研究的核心, 从而考察商周时期南方的文化和社会背景, 研究南方地区出土青铜器所反映的西周早期周文化的南下以及对南方地区的控制, 以及相互之间的交流. 通过对盘龙城等南方地区青铜器的研究, 揭示南方地区青铜器生产及其所折射的与商文化中心地区政治关系; 通过对不同青铜器群观察, 反映南方不同区域之间的文化交流; 通过对西周时期噩国, 曾国青铜器的研究, 本书试图勾勒出一个西周时期的南国轮廓; 通过对曾国等南方诸侯国青铜器及其铭文的考察, 从新的角度来追溯早期楚文化, 讨论东周时期往往容易被忽视, 但又较楚秦等大国更有代表性的南方诸侯国文化地位和背景问题. 作者关注中国青铜时代青铜器的全貌, 甚至尝试以全球视野考察中国古代青铜文明特征, 由外围而及内在, 由个体而到一般的思路是作者的主要风格.</subfield>
      </datafield>
      <datafield tag="830" ind1=" " ind2="0">
         <subfield code="6">880-08</subfield>
         <subfield code="a">Luojia shi xue wen ku.</subfield>
      </datafield>
      <datafield tag="880" ind1=" " ind2="0">
         <subfield code="6">830-08/</subfield>
         <subfield code="a">珞珈史学文库.</subfield>
      </datafield>
      <datafield tag="OWN" ind1=" " ind2=" ">
         <subfield code="a">GENERAL</subfield>
      </datafield>
      <datafield tag="AVA" ind1=" " ind2=" ">
         <subfield code="a">NYU50</subfield>
         <subfield code="b">NISAW</subfield>
         <subfield code="c">Small Collection</subfield>
         <subfield code="d">NK7983.A1 Z426 2016 Non-circulating</subfield>
         <subfield code="e">available</subfield>
         <subfield code="t">Available</subfield>
         <subfield code="f">1</subfield>
         <subfield code="g">0</subfield>
         <subfield code="h">N</subfield>
         <subfield code="i">0</subfield>
         <subfield code="j">SMALL</subfield>
         <subfield code="k">0</subfield>
      </datafield>
      <marc:datafield tag="852" ind1=" " ind2=" ">
         <marc:subfield code="b">Institute for the Study of the Ancient World, </marc:subfield>
         <marc:subfield code="c">Small Collection</marc:subfield>
         <marc:subfield code="e">15 East 84th St., </marc:subfield>
         <marc:subfield code="e">New York, NY  10028</marc:subfield>
      </marc:datafield>
   </record>