
  
  
  
  
  
  
  
  
  
  
  
  
  
 
  
  <record xsi:schemaLocation="http://www.loc.gov/MARC21/slim http://www.loc.gov/standards/marcxml/schema/MARC21slim.xsd">
      <leader>00000cam a22      a 4500</leader>
      <controlfield tag="FMT">BK</controlfield>
      <controlfield tag="LDR">00000cam a22      a 4500</controlfield>
      <controlfield tag="001">005977494</controlfield>
      <controlfield tag="005">20180131174026.0</controlfield>
      <controlfield tag="008">180130s2010    tu ae         000 0 eng c</controlfield>
      <datafield tag="010" ind1=" " ind2=" ">
         <subfield code="a">2012342732</subfield>
      </datafield>
      <datafield tag="020" ind1=" " ind2=" ">
         <subfield code="a">9786055495039</subfield>
      </datafield>
      <datafield tag="020" ind1=" " ind2=" ">
         <subfield code="a">6055495031</subfield>
      </datafield>
      <datafield tag="035" ind1=" " ind2=" ">
         <subfield code="a">(OCoLC)822505213</subfield>
      </datafield>
      <datafield tag="040" ind1=" " ind2=" ">
         <subfield code="a">HFL</subfield>
         <subfield code="b">eng</subfield>
         <subfield code="c">HFL</subfield>
         <subfield code="d">DLC</subfield>
         <subfield code="d">DDO</subfield>
         <subfield code="d">OCLCF</subfield>
         <subfield code="d">OCLCQ</subfield>
         <subfield code="d">NNU</subfield>
      </datafield>
      <datafield tag="042" ind1=" " ind2=" ">
         <subfield code="a">pcc</subfield>
         <subfield code="a">lcode</subfield>
      </datafield>
      <datafield tag="043" ind1=" " ind2=" ">
         <subfield code="a">a-tu---</subfield>
      </datafield>
      <datafield tag="050" ind1="0" ind2="0">
         <subfield code="a">NA3780</subfield>
         <subfield code="b">.G74 2010</subfield>
      </datafield>
      <datafield tag="079" ind1=" " ind2=" ">
         <subfield code="a">(OCoLC)822505213</subfield>
      </datafield>
      <datafield tag="245" ind1="0" ind2="0">
         <subfield code="a">Great Palace Mosaic Museum /</subfield>
         <subfield code="c">[main text, Erdem Yücel].</subfield>
      </datafield>
      <datafield tag="260" ind1=" " ind2=" ">
         <subfield code="a">Istanbul :</subfield>
         <subfield code="b">Bilken Kültür Girişimi,</subfield>
         <subfield code="c">2010 [printing]</subfield>
      </datafield>
      <datafield tag="300" ind1=" " ind2=" ">
         <subfield code="a">87 pages :</subfield>
         <subfield code="b">color illustrations, plans ;</subfield>
         <subfield code="c">26 cm</subfield>
      </datafield>
      <datafield tag="336" ind1=" " ind2=" ">
         <subfield code="a">text</subfield>
         <subfield code="b">txt</subfield>
         <subfield code="2">rdacontent</subfield>
      </datafield>
      <datafield tag="337" ind1=" " ind2=" ">
         <subfield code="a">unmediated</subfield>
         <subfield code="b">n</subfield>
         <subfield code="2">rdamedia</subfield>
      </datafield>
      <datafield tag="338" ind1=" " ind2=" ">
         <subfield code="a">volume</subfield>
         <subfield code="b">nc</subfield>
         <subfield code="2">rdacarrier</subfield>
      </datafield>
      <datafield tag="500" ind1=" " ind2=" ">
         <subfield code="a">Folded layout plan of the Great Palace of Istanbul (or Istanbul Mosaic Museum) floor mosaics following the palace's conservation, at end (folds out to 26 x 82 cm.).</subfield>
      </datafield>
      <datafield tag="500" ind1=" " ind2=" ">
         <subfield code="a">The museum houses mosaics from the Byzantine period, unearthed at the site of the Great Palace of Constantinople during extensive excavations behind the Sultanahmet Camii, Istanbul (or the Blue Mosque) in 1935-1938 and 1951-1954; the mosaics were later worked on from 1983-1997. The mosaic subjects, absent of religious motifs, depict primarily scenes of nature, animals, rural life, and mythology.</subfield>
      </datafield>
      <datafield tag="505" ind1="0" ind2=" ">
         <subfield code="a">The conjectural layout of the Hippodrome, Hagia Sophia, Great Palace, Hagia Irene and their surrounding area during the Byzantine era and afterwards -- Introduction -- The eastern Roman Empire and Great Palace -- The Great Palace mosaics -- History of research on the Great Palace mosaics.</subfield>
      </datafield>
      <datafield tag="500" ind1=" " ind2=" ">
         <subfield code="a">ISAW copy is from the library of Susan L. Beningson.</subfield>
         <subfield code="5">NyNyUAW</subfield>
      </datafield>
      <datafield tag="610" ind1="2" ind2="0">
         <subfield code="a">Great Palace of the Emperors (Istanbul, Turkey)</subfield>
      </datafield>
      <datafield tag="650" ind1=" " ind2="0">
         <subfield code="a">Mosaics, Byzantine</subfield>
         <subfield code="z">Turkey</subfield>
         <subfield code="z">Istanbul.</subfield>
      </datafield>
      <datafield tag="650" ind1=" " ind2="0">
         <subfield code="a">Mosaics</subfield>
         <subfield code="z">Turkey</subfield>
         <subfield code="z">Istanbul.</subfield>
      </datafield>
      <datafield tag="650" ind1=" " ind2="0">
         <subfield code="a">Mosaics</subfield>
         <subfield code="x">Conservation and restoration</subfield>
         <subfield code="z">Turkey</subfield>
         <subfield code="z">Istanbul.</subfield>
      </datafield>
      <datafield tag="610" ind1="2" ind2="7">
         <subfield code="a">Great Palace of the Emperors (Istanbul, Turkey)</subfield>
         <subfield code="2">fast</subfield>
         <subfield code="0">(OCoLC)fst00694796</subfield>
      </datafield>
      <datafield tag="650" ind1=" " ind2="7">
         <subfield code="a">Mosaics.</subfield>
         <subfield code="2">fast</subfield>
         <subfield code="0">(OCoLC)fst01026687</subfield>
      </datafield>
      <datafield tag="650" ind1=" " ind2="7">
         <subfield code="a">Mosaics, Byzantine.</subfield>
         <subfield code="2">fast</subfield>
         <subfield code="0">(OCoLC)fst01026698</subfield>
      </datafield>
      <datafield tag="650" ind1=" " ind2="7">
         <subfield code="a">Mosaics</subfield>
         <subfield code="x">Conservation and restoration.</subfield>
         <subfield code="2">fast</subfield>
         <subfield code="0">(OCoLC)fst01026689</subfield>
      </datafield>
      <datafield tag="651" ind1=" " ind2="7">
         <subfield code="a">Turkey</subfield>
         <subfield code="z">Istanbul.</subfield>
         <subfield code="2">fast</subfield>
         <subfield code="0">(OCoLC)fst01204833</subfield>
      </datafield>
      <datafield tag="700" ind1="1" ind2=" ">
         <subfield code="a">Yücel, Erdem.</subfield>
      </datafield>
      <datafield tag="700" ind1="1" ind2=" ">
         <subfield code="a">Beningson, Susan L.,</subfield>
         <subfield code="e">former owner.</subfield>
         <subfield code="5">NyNyUAW</subfield>
      </datafield>
      <datafield tag="740" ind1="0" ind2=" ">
         <subfield code="a">Beningson Collection.</subfield>
         <subfield code="5">NyNyUAW</subfield>
      </datafield>
      <datafield tag="OWN" ind1=" " ind2=" ">
         <subfield code="a">GENERAL</subfield>
      </datafield>
      <datafield tag="AVA" ind1=" " ind2=" ">
         <subfield code="a">NYU50</subfield>
         <subfield code="b">NISAW</subfield>
         <subfield code="c">Large Collection</subfield>
         <subfield code="d">NA3780 .G74 2010 Non-circulating</subfield>
         <subfield code="e">available</subfield>
         <subfield code="t">Available</subfield>
         <subfield code="f">1</subfield>
         <subfield code="g">0</subfield>
         <subfield code="h">N</subfield>
         <subfield code="i">0</subfield>
         <subfield code="j">LARGE</subfield>
         <subfield code="k">0</subfield>
      </datafield>
      <marc:datafield tag="852" ind1=" " ind2=" ">
         <marc:subfield code="b">Institute for the Study of the Ancient World, </marc:subfield>
         <marc:subfield code="c">Large Collection</marc:subfield>
         <marc:subfield code="e">15 East 84th St., </marc:subfield>
         <marc:subfield code="e">New York, NY  10028</marc:subfield>
      </marc:datafield>
   </record>