
  
  
  
  
  
  
  
  
  
  
  
 
  
  <record xsi:schemaLocation="http://www.loc.gov/MARC21/slim http://www.loc.gov/standards/marcxml/schema/MARC21slim.xsd">
      <leader>00000cam a2200397Ia 4500</leader>
      <controlfield tag="FMT">BK</controlfield>
      <controlfield tag="LDR">00000cam a2200397Ia 4500</controlfield>
      <controlfield tag="001">005978260</controlfield>
      <controlfield tag="003">OCoLC</controlfield>
      <controlfield tag="005">20180213094515.0</controlfield>
      <controlfield tag="008">780705s1977    ru af    b    000 0 rusr</controlfield>
      <datafield tag="010" ind1=" " ind2=" ">
         <subfield code="a">77515058</subfield>
      </datafield>
      <datafield tag="035" ind1=" " ind2=" ">
         <subfield code="a">(OCoLC)4023485</subfield>
      </datafield>
      <datafield tag="040" ind1=" " ind2=" ">
         <subfield code="a">DLC</subfield>
         <subfield code="b">eng</subfield>
         <subfield code="c">TJC</subfield>
         <subfield code="d">TJC</subfield>
         <subfield code="d">CRL</subfield>
         <subfield code="d">OCL</subfield>
         <subfield code="d">HLS</subfield>
         <subfield code="d">OCLCG</subfield>
         <subfield code="d">OCLCF</subfield>
         <subfield code="d">OCLCQ</subfield>
         <subfield code="d">OCLCO</subfield>
         <subfield code="d">OCLCQ</subfield>
         <subfield code="d">ZYU</subfield>
      </datafield>
      <datafield tag="050" ind1="0" ind2="0">
         <subfield code="a">CB311</subfield>
         <subfield code="b">.I84</subfield>
      </datafield>
      <datafield tag="079" ind1=" " ind2=" ">
         <subfield code="a">(OCoLC)4023485</subfield>
      </datafield>
      <datafield tag="082" ind1="0" ind2="4">
         <subfield code="a">901.91</subfield>
         <subfield code="b">I875 1977</subfield>
      </datafield>
      <datafield tag="245" ind1="0" ind2="0">
         <subfield code="6">880-01</subfield>
         <subfield code="a">Istorii͡a i kulʹtura antichnogo mira /</subfield>
         <subfield code="c">[otvetstvennyĭ redaktor M.M. Kobylina].</subfield>
      </datafield>
      <datafield tag="260" ind1=" " ind2=" ">
         <subfield code="6">880-02</subfield>
         <subfield code="a">Moskva :</subfield>
         <subfield code="b">Nauka,</subfield>
         <subfield code="c">1977.</subfield>
      </datafield>
      <datafield tag="300" ind1=" " ind2=" ">
         <subfield code="a">231 pages, [3] leaves of plates :</subfield>
         <subfield code="b">illustrations (some color) ;</subfield>
         <subfield code="c">25 cm</subfield>
      </datafield>
      <datafield tag="336" ind1=" " ind2=" ">
         <subfield code="a">text</subfield>
         <subfield code="b">txt</subfield>
         <subfield code="2">rdacontent</subfield>
      </datafield>
      <datafield tag="337" ind1=" " ind2=" ">
         <subfield code="a">unmediated</subfield>
         <subfield code="b">n</subfield>
         <subfield code="2">rdamedia</subfield>
      </datafield>
      <datafield tag="338" ind1=" " ind2=" ">
         <subfield code="a">volume</subfield>
         <subfield code="b">nc</subfield>
         <subfield code="2">rdacarrier</subfield>
      </datafield>
      <datafield tag="500" ind1=" " ind2=" ">
         <subfield code="a">ISAW copy is from the library of Aleksandr Leskov.</subfield>
         <subfield code="5">NyNyUAW</subfield>
      </datafield>
      <datafield tag="500" ind1=" " ind2=" ">
         <subfield code="6">880-03</subfield>
         <subfield code="a">At head of title: Akademii͡a nauk SSSR. Institut arkheologii.</subfield>
      </datafield>
      <datafield tag="504" ind1=" " ind2=" ">
         <subfield code="a">Includes bibliographical references.</subfield>
      </datafield>
      <datafield tag="505" ind1="1" ind2="0">
         <subfield code="6">880-04</subfield>
         <subfield code="t">Fragmenty raspisnoĭ shtukaturki pervykh vekov n.ė. iz Pantikapei͡a /</subfield>
         <subfield code="r">E.M. Alekseeva --</subfield>
         <subfield code="t">Selʹskoe khozi͡aĭstvo u sindov /</subfield>
         <subfield code="r">N.V. Anfimov --</subfield>
         <subfield code="t">Kompleks krasnolakovykh sosudov II v. n.ė. iz Tanaisa /</subfield>
         <subfield code="r">T.M. Arsenʹeva --</subfield>
         <subfield code="t">Amfory iz nekropoli͡a Khersonesa, V-VI vv. do n.ė. /</subfield>
         <subfield code="r">G.D. Belov --</subfield>
         <subfield code="t">Nadrgobnai͡a ėpigramma zheny Dii͡a /</subfield>
         <subfield code="r">A.I. Boltunova --</subfield>
         <subfield code="t">Pit͡senskie bronzy v Ėrmitazhe /</subfield>
         <subfield code="r">S.P. Boriskovskai͡a --</subfield>
         <subfield code="t">Standarty lineĭnykh mer v keramicheskom proizvodstve Sinopy /</subfield>
         <subfield code="r">I.B. Brashinskiĭ --</subfield>
         <subfield code="t">Kizikskiĭ stater, naĭdennyĭ na Tamanskom poluostrove /</subfield>
         <subfield code="r">K.V. Golenko --</subfield>
         <subfield code="t">Krasnofigurnyĭ kilik, naĭdennyĭ na nekropole u s. Panskoe I. /</subfield>
         <subfield code="r">K.S. Gorbunova --</subfield>
         <subfield code="t">Arifarn, tsarʹ sirakov /</subfield>
         <subfield code="r">I͡U.M. Desi͡atchikov --</subfield>
         <subfield code="t">Gradostroitelʹnyĭ plan Furiĭ /</subfield>
         <subfield code="r">V.S. Dolgorukov --</subfield>
         <subfield code="t">K voprosu o gorodskoĭ planirovke Germonassy /</subfield>
         <subfield code="r">I.B. Zeest --</subfield>
         <subfield code="t">O rabstve v khersonese Tavricheskom v pervykh vekakh n.ė. /</subfield>
         <subfield code="r">V.I. Kadeev --</subfield>
         <subfield code="t">Teatr v Orike /</subfield>
         <subfield code="r">M.M. Kobylina --</subfield>
         <subfield code="t">Stekli͡annyĭ riton iz Olʹvii /</subfield>
         <subfield code="r">I͡U.I. Kozub --</subfield>
         <subfield code="t">Kollegii͡a pochitateleĭ Isidy iz Pannonii /</subfield>
         <subfield code="r">I͡U.K. Kolosovskai͡a.</subfield>
      </datafield>
      <datafield tag="650" ind1=" " ind2="0">
         <subfield code="a">Civilization, Ancient.</subfield>
      </datafield>
      <datafield tag="651" ind1=" " ind2="0">
         <subfield code="a">Black Sea Coast</subfield>
         <subfield code="x">Antiquities.</subfield>
      </datafield>
      <datafield tag="651" ind1=" " ind2="7">
         <subfield code="a">Pontus Euxinus.</subfield>
         <subfield code="2">pleiades</subfield>
         <subfield code="0">https://pleiades.stoa.org/places/1224</subfield>
         <subfield code="5">NyNyUAW</subfield>
      </datafield>
      <datafield tag="650" ind1=" " ind2="7">
         <subfield code="a">Civilization, Ancient.</subfield>
         <subfield code="2">fast</subfield>
         <subfield code="0">(OCoLC)fst00862946</subfield>
      </datafield>
      <datafield tag="700" ind1="1" ind2=" ">
         <subfield code="a">Leskov, Aleksandr Mikhaĭlovich,</subfield>
         <subfield code="e">former owner.</subfield>
         <subfield code="5">NyNyUAW</subfield>
      </datafield>
      <datafield tag="740" ind1="0" ind2=" ">
         <subfield code="a">Leskov Collection.</subfield>
         <subfield code="5">NyNyUAW</subfield>
      </datafield>
      <datafield tag="700" ind1="1" ind2=" ">
         <subfield code="6">880-05</subfield>
         <subfield code="a">Kobylina, M. M.</subfield>
         <subfield code="q">(Marii͡a Mikhaĭlovna),</subfield>
         <subfield code="e">editor.</subfield>
      </datafield>
      <datafield tag="710" ind1="2" ind2=" ">
         <subfield code="6">880-06</subfield>
         <subfield code="a">Institut arkheologii (Akademii͡a nauk SSSR),</subfield>
         <subfield code="e">issuing body.</subfield>
      </datafield>
      <datafield tag="776" ind1="0" ind2="8">
         <subfield code="i">Online version:</subfield>
         <subfield code="t">Istorii͡a i kulʹtura antichnogo mira.</subfield>
         <subfield code="d">Moskva : Nauka, 1977</subfield>
         <subfield code="w">(OCoLC)613212124</subfield>
      </datafield>
      <datafield tag="880" ind1="0" ind2="0">
         <subfield code="6">245-01/</subfield>
         <subfield code="a">История и культура античного мира /</subfield>
         <subfield code="c">[ответственный редактор М.М. Кобылина].</subfield>
      </datafield>
      <datafield tag="880" ind1=" " ind2=" ">
         <subfield code="6">260-02/</subfield>
         <subfield code="a">Москва :</subfield>
         <subfield code="b">Наука,</subfield>
         <subfield code="c">1977.</subfield>
      </datafield>
      <datafield tag="880" ind1=" " ind2=" ">
         <subfield code="6">500-03/</subfield>
         <subfield code="a">Аt head of title: Академия наук СССР. Институт археологии.</subfield>
      </datafield>
      <datafield tag="880" ind1="1" ind2="0">
         <subfield code="6">505-04/</subfield>
         <subfield code="t">Фрагменты расписной штукатурки первых веков н.э. из Пантикапея /</subfield>
         <subfield code="r">Е.М. Алексеева --</subfield>
         <subfield code="t">Сельское хозяйство у синдов /</subfield>
         <subfield code="r">Н.В. Анфимов --</subfield>
         <subfield code="t">Комплекс краснолаковых сосудов II в. н.э. из Танаиса /</subfield>
         <subfield code="r">Т.М. Арсеньева --</subfield>
         <subfield code="t">Амфоры из некрополя херсонеса, V-VI вв. до н.э. /</subfield>
         <subfield code="r">Г.Д. Белов --</subfield>
         <subfield code="t">Надргобная эпиграмма жены Дия /</subfield>
         <subfield code="r">А.И. Болтунова --</subfield>
         <subfield code="t">Пиценские бронзы в Эрмитаже /</subfield>
         <subfield code="r">С.П. Борисковская --</subfield>
         <subfield code="t">Стандарты линейных мер в керамическом производстве Синопы /</subfield>
         <subfield code="r">И.Б. Брашинский --</subfield>
         <subfield code="t">Кизикский статер, найденный на Таманском полуострове /</subfield>
         <subfield code="r">К.В. Голенко --</subfield>
         <subfield code="t">Краснофигурный килик, найденный на некрополе у с. Панское I /</subfield>
         <subfield code="r">К.С. Горбунова --</subfield>
         <subfield code="t">Арифарн, тсарь сираков /</subfield>
         <subfield code="r">Ю.М. Десятчиков --</subfield>
         <subfield code="t">Градостроительный план Фурий /</subfield>
         <subfield code="r">В.С. Долгоруков --</subfield>
         <subfield code="t">К вопросу о городской планировке Гермонассы /</subfield>
         <subfield code="r">И.Б. Зеест --</subfield>
         <subfield code="t">О рабстве в херсонесе Таврическом в первых веках н.э. /</subfield>
         <subfield code="r">В.И. Кадеев --</subfield>
         <subfield code="t">Театр в Орике /</subfield>
         <subfield code="r">М.М. Кобылина --</subfield>
         <subfield code="t">Стеклянный ритон из Ольвии /</subfield>
         <subfield code="r">Ю.И. Козуб --</subfield>
         <subfield code="t">Коллегия почитателей Исиды из Паннонии /</subfield>
         <subfield code="r">Ю.К. Колосовская.</subfield>
      </datafield>
      <datafield tag="880" ind1="1" ind2=" ">
         <subfield code="6">700-05/</subfield>
         <subfield code="a">Кобылина, М. М.</subfield>
         <subfield code="q">(Мария Михайловна),</subfield>
         <subfield code="e">editor.</subfield>
      </datafield>
      <datafield tag="880" ind1="2" ind2=" ">
         <subfield code="6">710-06/</subfield>
         <subfield code="a">Институт археологии (Академия наук СССР),</subfield>
         <subfield code="e">issuing body.</subfield>
      </datafield>
      <datafield tag="OWN" ind1=" " ind2=" ">
         <subfield code="a">GENERAL</subfield>
      </datafield>
      <datafield tag="AVA" ind1=" " ind2=" ">
         <subfield code="a">NYU50</subfield>
         <subfield code="b">NISAW</subfield>
         <subfield code="c">Small Collection</subfield>
         <subfield code="d">CB311 .I84 1977 Non-circulating</subfield>
         <subfield code="e">available</subfield>
         <subfield code="t">Available</subfield>
         <subfield code="f">1</subfield>
         <subfield code="g">0</subfield>
         <subfield code="h">N</subfield>
         <subfield code="i">0</subfield>
         <subfield code="j">SMALL</subfield>
         <subfield code="k">0</subfield>
      </datafield>
      <marc:datafield tag="852" ind1=" " ind2=" ">
         <marc:subfield code="b">Institute for the Study of the Ancient World, </marc:subfield>
         <marc:subfield code="c">Small Collection</marc:subfield>
         <marc:subfield code="e">15 East 84th St., </marc:subfield>
         <marc:subfield code="e">New York, NY  10028</marc:subfield>
      </marc:datafield>
   </record>