
  
  
  
  
  
  
  
  
  
  
  
  
 
  
  <record xsi:schemaLocation="http://www.loc.gov/MARC21/slim http://www.loc.gov/standards/marcxml/schema/MARC21slim.xsd">
      <leader>00000cam a2200553 i 4500</leader>
      <controlfield tag="FMT">BK</controlfield>
      <controlfield tag="LDR">00000cam a2200553 i 4500</controlfield>
      <controlfield tag="001">005935738</controlfield>
      <controlfield tag="003">OCoLC</controlfield>
      <controlfield tag="005">20180207154605.0</controlfield>
      <controlfield tag="008">170712t20172017inuab    b    100 0 eng c</controlfield>
      <datafield tag="010" ind1=" " ind2=" ">
         <subfield code="a">2017032823</subfield>
      </datafield>
      <datafield tag="020" ind1=" " ind2=" ">
         <subfield code="a">9781575067841</subfield>
         <subfield code="q">hardcover</subfield>
      </datafield>
      <datafield tag="020" ind1=" " ind2=" ">
         <subfield code="a">1575067846</subfield>
         <subfield code="q">hardcover</subfield>
      </datafield>
      <datafield tag="035" ind1="7" ind2=" ">
         <subfield code="a">ybp13413881</subfield>
      </datafield>
      <datafield tag="035" ind1=" " ind2=" ">
         <subfield code="a">(OCoLC)994220424</subfield>
         <subfield code="z">(OCoLC)990032013</subfield>
      </datafield>
      <datafield tag="040" ind1=" " ind2=" ">
         <subfield code="a">DGU/DLC</subfield>
         <subfield code="b">eng</subfield>
         <subfield code="e">rda</subfield>
         <subfield code="c">DGU</subfield>
         <subfield code="d">DLC</subfield>
         <subfield code="d">OCLCO</subfield>
         <subfield code="d">YDX</subfield>
         <subfield code="d">OCLCF</subfield>
         <subfield code="d">HUC</subfield>
         <subfield code="d">YDX</subfield>
         <subfield code="d">ZYU</subfield>
      </datafield>
      <datafield tag="041" ind1="0" ind2=" ">
         <subfield code="a">eng</subfield>
         <subfield code="a">ger</subfield>
         <subfield code="a">fre</subfield>
      </datafield>
      <datafield tag="042" ind1=" " ind2=" ">
         <subfield code="a">pcc</subfield>
      </datafield>
      <datafield tag="043" ind1=" " ind2=" ">
         <subfield code="a">a-iq---</subfield>
      </datafield>
      <datafield tag="050" ind1=" " ind2="4">
         <subfield code="a">DS56</subfield>
         <subfield code="b">.R46 2012</subfield>
      </datafield>
      <datafield tag="050" ind1="0" ind2="0">
         <subfield code="a">DS71</subfield>
         <subfield code="b">.R47 2012</subfield>
      </datafield>
      <datafield tag="079" ind1=" " ind2=" ">
         <subfield code="a">(OCoLC)994220424</subfield>
      </datafield>
      <datafield tag="082" ind1="0" ind2="0">
         <subfield code="a">935/.03</subfield>
         <subfield code="2">23</subfield>
      </datafield>
      <datafield tag="111" ind1="2" ind2=" ">
         <subfield code="a">Rencontre assyriologique internationale</subfield>
         <subfield code="n">(58th :</subfield>
         <subfield code="d">2012 :</subfield>
         <subfield code="c">Leiden, Netherlands)</subfield>
      </datafield>
      <datafield tag="245" ind1="1" ind2="0">
         <subfield code="a">Private and state in the ancient Near East :</subfield>
         <subfield code="b">proceedings of the 58th Rencontre assyriologique internationale at Leiden, 16-20 July 2012 /</subfield>
         <subfield code="c">edited by R. De Boer and J. G. Dercksen.</subfield>
      </datafield>
      <datafield tag="264" ind1=" " ind2="1">
         <subfield code="a">Winona Lake, Indiana :</subfield>
         <subfield code="b">Eisenbrauns,</subfield>
         <subfield code="c">2017.</subfield>
      </datafield>
      <datafield tag="264" ind1=" " ind2="4">
         <subfield code="c">©2017</subfield>
      </datafield>
      <datafield tag="300" ind1=" " ind2=" ">
         <subfield code="a">xxii, 295 pages ;</subfield>
         <subfield code="b">illustrations ;</subfield>
         <subfield code="c">27 cm</subfield>
      </datafield>
      <datafield tag="336" ind1=" " ind2=" ">
         <subfield code="a">text</subfield>
         <subfield code="b">txt</subfield>
         <subfield code="2">rdacontent</subfield>
      </datafield>
      <datafield tag="337" ind1=" " ind2=" ">
         <subfield code="a">unmediated</subfield>
         <subfield code="b">n</subfield>
         <subfield code="2">rdamedia</subfield>
      </datafield>
      <datafield tag="338" ind1=" " ind2=" ">
         <subfield code="a">volume</subfield>
         <subfield code="b">nc</subfield>
         <subfield code="2">rdacarrier</subfield>
      </datafield>
      <datafield tag="546" ind1=" " ind2=" ">
         <subfield code="a">Chapters are in English, German and French.</subfield>
      </datafield>
      <datafield tag="504" ind1=" " ind2=" ">
         <subfield code="a">Includes bibliographical references.</subfield>
      </datafield>
      <datafield tag="505" ind1="0" ind2="0">
         <subfield code="g">Part 1.</subfield>
         <subfield code="t">Opening lectures.</subfield>
         <subfield code="t">Die Gesellschaft Mesopotamiens in der Zeit der Wende vom 3. zum 2. Jahrtausend v. Chr. zwischen Theorie und Lebenswirklichkeit 3 /</subfield>
         <subfield code="r">Hans Neumann --</subfield>
         <subfield code="t">Private and State in the Second Millennium B.C. from an Archaeological Perspective /</subfield>
         <subfield code="r">Adelheid Otto --</subfield>
         <subfield code="t">The State and Its Subjects under the Neo-Babylonian Empire /</subfield>
         <subfield code="r">Michael Jursa.</subfield>
         <subfield code="g">Part 2.</subfield>
         <subfield code="t">Papers.</subfield>
         <subfield code="t">Mesopotamian Divinatory Inquiry : A Private or a State Matter? /</subfield>
         <subfield code="r">Netanel Anor --</subfield>
         <subfield code="t">Supervision over Weighing in Early Dynastic and Sargonic Mesopotamia /</subfield>
         <subfield code="r">Vitali Bartash --</subfield>
         <subfield code="t">Religious Private Practices from Ur III/Old Babylonian Ur /</subfield>
         <subfield code="r">L. Battini --</subfield>
         <subfield code="t">Nomads and the Middle Assyrian State Administration : A New Interpretation of a Letter from Tell amad and Some Related Matters /</subfield>
         <subfield code="r">Yigal Bloch --</subfield>
         <subfield code="t">How to Execute a Person in Private and Preserve One's Face in Public : (ARMT 13, 107, Gen 37:20-24, and Jer 38:6-13) /</subfield>
         <subfield code="r">Daniel Bodi --</subfield>
      </datafield>
      <datafield tag="505" ind1="8" ind2="0">
         <subfield code="t">Le lait, la viande et la gloutonnerie du roi : Rites alimentaires d'installation des achéménides à la lumière de quelques textes mésopotamiens /</subfield>
         <subfield code="r">Daniel Bonneterre --</subfield>
         <subfield code="t">Les Assyriens à Edeli : Vie privée et activités publiques /</subfield>
         <subfield code="r">Fabrice De Backer --</subfield>
         <subfield code="t">Intellectual Opposition in Mesopotamia between Private and State /</subfield>
         <subfield code="r">Sebastian Fink --</subfield>
         <subfield code="t">On Purity : Private and Public /</subfield>
         <subfield code="r">Martin Lang --</subfield>
         <subfield code="t">Šaḫḫan und luzzi /</subfield>
         <subfield code="r">Juergen Lorenz --</subfield>
         <subfield code="t">Private Religious Life in Emar and the Hittite Empire /</subfield>
         <subfield code="r">Patrick Maxime Michel --</subfield>
         <subfield code="t">Infliger la mort : aspects publics et privés dans la documentation de Mari et les recueils de lois du IIème millénaire av. J.-C. /</subfield>
         <subfield code="r">Virginie Muller --</subfield>
         <subfield code="t">Writing for the Palace, Writing for the Citizens : The Organization of the Activities of Nuzi Scribes /</subfield>
         <subfield code="r">Paola Negri Scafa --</subfield>
         <subfield code="t">Seals with Granulation Caps in the First Half of the Second Millennium B.C. : New Data /</subfield>
         <subfield code="r">Julie Patrier and Denis Lacambre --</subfield>
         <subfield code="t">Data Mining Tools and GRID Infrastructure for Text Analysis in Assyriology : An Old Babylonian Case Study /</subfield>
         <subfield code="r">Giovanni Ponti, Daniela Alderuccio, Giorgio Mencuccini, Alessio Rocchi, Silvio Migliori, Giovanni Bracco, Paola Negri Scafa --</subfield>
         <subfield code="t">Popular Religion or Popular Participation in Public Rites? /</subfield>
         <subfield code="r">JoAnn Scurlock --</subfield>
         <subfield code="t">New Observations on the Locations of Some Central Anatolian Towns during the Bronze Age /</subfield>
         <subfield code="r">Oezlem Sir Gavaz --</subfield>
         <subfield code="t">Aspekte von Kultinventaren im Licht des unveroeffentlichten Textes Bo 8359 /</subfield>
         <subfield code="r">Ilknur Taş.</subfield>
      </datafield>
      <datafield tag="520" ind1=" " ind2=" ">
         <subfield code="a">In the 5 days from July 16 through July 20, 2012, more than three hundred Assyriologists from all over the world gathered in Leiden, the Netherlands, to read more than 130 papers and to contribute to a variety of workshops. Many of the papers were read in the context of several thematic workshops, some of which were related to the main theme of the conference. This volume publishes 21 of the revised essays on the main topic of the Rencontre--Private and State in the Ancient Near East. As is usually the case, the academic sessions were accompanied by many opportunities for social interaction among the participants, and there was time to enjoy the historical and cultural benefits of Leiden. The book is divided into two sections. In the first section are three "Opening Lectures," by Hans Neumann on Mesopotamian society at the turn of the 3rd millennium B.C.; by Adelheid Otto on archaeological perspectives on private and state in the second millennium B.C.; and by Michael Jursa on the state and its subjects during Neo-Babylonian times. In the second section, 18 essays on various aspects of the relationship of private life and activity to the state and government in various periods are presented.</subfield>
      </datafield>
      <datafield tag="650" ind1=" " ind2="0">
         <subfield code="a">Assyriology</subfield>
         <subfield code="v">Congresses.</subfield>
      </datafield>
      <datafield tag="651" ind1=" " ind2="0">
         <subfield code="a">Iraq</subfield>
         <subfield code="x">History</subfield>
         <subfield code="y">To 634</subfield>
         <subfield code="v">Congresses.</subfield>
      </datafield>
      <datafield tag="651" ind1=" " ind2="0">
         <subfield code="a">Iraq</subfield>
         <subfield code="x">Civilization</subfield>
         <subfield code="y">To 634</subfield>
         <subfield code="v">Congresses.</subfield>
      </datafield>
      <datafield tag="651" ind1=" " ind2="7">
         <subfield code="a">(As)Syria.</subfield>
         <subfield code="2">pleiades</subfield>
         <subfield code="0">https://pleiades.stoa.org/places/29492</subfield>
      </datafield>
      <datafield tag="650" ind1=" " ind2="7">
         <subfield code="a">Assyriology.</subfield>
         <subfield code="2">fast</subfield>
         <subfield code="0">(OCoLC)fst00819244</subfield>
      </datafield>
      <datafield tag="650" ind1=" " ind2="7">
         <subfield code="a">Civilization.</subfield>
         <subfield code="2">fast</subfield>
         <subfield code="0">(OCoLC)fst00862898</subfield>
      </datafield>
      <datafield tag="651" ind1=" " ind2="7">
         <subfield code="a">Iraq.</subfield>
         <subfield code="2">fast</subfield>
         <subfield code="0">(OCoLC)fst01205757</subfield>
      </datafield>
      <datafield tag="648" ind1=" " ind2="7">
         <subfield code="a">To 634.</subfield>
         <subfield code="2">fast</subfield>
      </datafield>
      <datafield tag="655" ind1=" " ind2="7">
         <subfield code="a">Conference papers and proceedings.</subfield>
         <subfield code="2">fast</subfield>
         <subfield code="0">(OCoLC)fst01423772</subfield>
      </datafield>
      <datafield tag="655" ind1=" " ind2="7">
         <subfield code="a">History.</subfield>
         <subfield code="2">fast</subfield>
         <subfield code="0">(OCoLC)fst01411628</subfield>
      </datafield>
      <datafield tag="700" ind1="1" ind2=" ">
         <subfield code="a">Boer, R. de,</subfield>
         <subfield code="q">(Rients),</subfield>
         <subfield code="e">editor.</subfield>
      </datafield>
      <datafield tag="700" ind1="1" ind2=" ">
         <subfield code="a">Dercksen, Jan Gerrit,</subfield>
         <subfield code="e">editor.</subfield>
      </datafield>
      <datafield tag="776" ind1="0" ind2="8">
         <subfield code="i">Online version:</subfield>
         <subfield code="a">Rencontre assyriologique internationale (58th : 2012 : Leiden, Netherlands)</subfield>
         <subfield code="t">Private and state in the ancient Near East</subfield>
         <subfield code="d">Winona Lake, Indiana : Eisenbrauns, 2017</subfield>
         <subfield code="z">9781575067858</subfield>
         <subfield code="w">(DLC) 2017034599</subfield>
      </datafield>
      <datafield tag="OWN" ind1=" " ind2=" ">
         <subfield code="a">GENERAL</subfield>
      </datafield>
      <datafield tag="AVA" ind1=" " ind2=" ">
         <subfield code="a">NYU50</subfield>
         <subfield code="b">BOBST</subfield>
         <subfield code="c">Main Collection</subfield>
         <subfield code="d">DS71 .R47 2012</subfield>
         <subfield code="e">available</subfield>
         <subfield code="t">Available</subfield>
         <subfield code="f">1</subfield>
         <subfield code="g">0</subfield>
         <subfield code="h">N</subfield>
         <subfield code="i">0</subfield>
         <subfield code="j">MAIN</subfield>
         <subfield code="k">0</subfield>
      </datafield>
      <datafield tag="AVA" ind1=" " ind2=" ">
         <subfield code="a">NYU50</subfield>
         <subfield code="b">NISAW</subfield>
         <subfield code="c">Small Collection</subfield>
         <subfield code="d">DS56 .R46 2012 Non-circulating</subfield>
         <subfield code="e">available</subfield>
         <subfield code="t">Available</subfield>
         <subfield code="f">1</subfield>
         <subfield code="g">0</subfield>
         <subfield code="h">N</subfield>
         <subfield code="i">0</subfield>
         <subfield code="j">SMALL</subfield>
         <subfield code="k">0</subfield>
      </datafield>
      <marc:datafield tag="852" ind1=" " ind2=" ">
         <marc:subfield code="b">Institute for the Study of the Ancient World, </marc:subfield>
         <marc:subfield code="c">Small Collection</marc:subfield>
         <marc:subfield code="e">15 East 84th St., </marc:subfield>
         <marc:subfield code="e">New York, NY  10028</marc:subfield>
      </marc:datafield>
   </record>